2770 4348
607 243 828 305 ,18-

186 419 321 483 Raetiae
336 419 521 504 prouinciae
536 417 668 483 colonia.
703 421 824 506 passim
839 421 908 483 sine
924 416 1055 482 custode
1069 427 1248 501 transennt3

186 519 219 573 et
232 527 304 572 enm
315 509 429 572 ceteris
441 509 591 593 gentibus
601 530 692 572 arma
700 508 795 573 modo
807 519 977 593 castraque
985 518 1094 572 nostra
1103 507 1246 572 ostenda-

185 617 267 682 mus,
284 597 333 661 bis
348 596 460 661 domos
475 597 630 684 uillaeque
641 599 853 684 patefecimus
863 619 927 662 non
939 597 1247 683 concupiscentibus.

273 686 314 752 In
329 686 566 752 Hermunduris
590 686 683 752 Albis
706 690 818 770 oritur,
841 686 960 751 flumen
983 686 1128 751 inclitum
1144 695 1177 750 et
1192 707 1245 750 no-

185 789 253 840 tum
277 775 368 858 olim3
390 795 474 839 nunc
489 785 614 840 tantum
630 777 768 840 auditur.
814 777 867 840 42.
891 775 989 840 quta
1003 775 1250 840 Hermunduros

191 864 309 930 Varisti
333 887 372 928 ac
394 864 508 930 deinde
524 863 723 930 Marcomani
747 878 778 930 et
792 861 899 942 Quadi
922 875 1033 950 agunt.
1078 867 1251 951 praecipua

187 953 468 1020 Marcomanorum
492 955 595 1039 gloria
617 958 786 1041 uiresque,
819 965 916 1040 atque
946 957 1016 1041 ipsa
1039 957 1134 1018 etiam
1158 953 1249 1018 sedes

185 1044 284 1130 pulsis
307 1043 383 1108 olim
406 1043 484 1108 Bois
512 1047 632 1108 uirtute
654 1055 762 1132 parta,
796 1065 857 1108 neo
885 1042 1002 1108 Varisti
1024 1040 1173 1121 Quadine
1195 1042 1248 1106 de-

185 1145 359 1218 generant:
395 1155 497 1219 eaque
520 1131 715 1198 Germaniae
750 1133 839 1198 uelut
873 1133 962 1197 frons
994 1142 1057 1218 est,
1093 1142 1251 1219 quatenus

186 1223 337 1286 Danuuio
359 1225 536 1308 peragitur.

274 1310 489 1376 Marcomanis
504 1311 690 1397 Quadisque
713 1331 815 1397 nsque
837 1312 878 1376 ad
901 1321 1044 1376 nostram
1060 1312 1251 1374 memoriam

185 1419 279 1486 reges
300 1423 447 1465 mansere
475 1421 515 1464 ex
549 1411 646 1485 gente
675 1402 835 1487 ipsorum,
866 1400 974 1465 nobile
996 1397 1186 1465 Marobodui
1219 1409 1253 1463 et

186 1489 290 1554 Tudri
312 1511 431 1575 genus3
455 1492 519 1554 iam
542 1499 575 1554 et
599 1500 750 1555 externos
772 1492 948 1577 patiimtur.
994 1488 1050 1554 sed
1073 1493 1123 1554 uis
1146 1499 1179 1555 et
1194 1509 1252 1575 po

187 1582 287 1644 tentia
309 1580 442 1664 regibus
466 1603 507 1644 ex
527 1582 720 1644 auctoritate
735 1579 896 1644 Romana:
920 1599 993 1643 raro
1009 1581 1107 1644 armis
1123 1581 1252 1661 nostris,

186 1671 312 1756 saepius
335 1670 471 1755 pecunia
493 1670 654 1753 iuuantur,
677 1691 737 1733 nec
760 1670 865 1733 minus
886 1669 1005 1733 ualent.

275 1760 328 1824 43.
353 1759 453 1824 Retro
475 1756 648 1843 Marsigni,
674 1757 788 1841 Cotini,
813 1756 882 1840 Osi,
906 1757 986 1822 Buri
1008 1769 1102 1843 terga
1124 1755 1249 1821 Marco·

187 1869 355 1912 manorum
377 1845 628 1933 Quadorumque
659 1847 799 1912 cludunt.
846 1867 864 1910 e
899 1848 1015 1933 quibus
1038 1846 1196 1932 Marsigni
1220 1856 1253 1911 et

187 1937 267 2002 Buri
286 1927 436 2002 sermone
460 1938 609 2023 cultuque
632 1935 754 2002 Suebos
777 1936 930 2002 referunt.
963 1935 1091 2000 Cotinos
1114 1934 1251 2019 Gallica,

189 2023 274 2092 Osos
297 2025 482 2090 Pannonica
512 2026 624 2112 lingua
646 2027 793 2111 coarguit
815 2047 879 2091 non
901 2047 972 2090 esse
995 2023 1187 2106 Germanum,
1220 2037 1253 2090 et

187 2115 273 2202 quod
306 2117 428 2180 tributa
462 2117 641 2202 patiuntur:
677 2126 804 2202 partem
842 2117 1037 2180 tributorum
1069 2113 1251 2196 Sarmatae,

187 2216 312 2292 partam
328 2202 435 2282 Quadi
451 2215 487 2269 ut
501 2205 689 2290 alienigenis
711 2208 877 2292 inponunt.
924 2204 1042 2288 Cotini,
1067 2226 1130 2291 quo
1145 2206 1252 2289 magis

188 2293 323 2380 pudeat,
358 2303 392 2358 et
413 2294 534 2359 ferrum
558 2293 720 2359 effodiunt.
766 2315 939 2380 omnesque
962 2293 995 2357 hi
1018 2294 1126 2380 populi
1148 2315 1254 2380 pauca

186 2385 423 2470 campestrium,
449 2393 591 2448 ceterum
615 2385 713 2448 saltus
737 2394 771 2448 et
792 2385 930 2449 uertices
952 2385 1109 2447 montium
1125 2384 1251 2467 iugum-

186 2495 248 2559 que
270 2471 466 2541 insederunt.
512 2473 635 2538 dirimit
663 2476 747 2538 enim
772 2473 952 2559 scinditque
975 2469 1122 2538 Suebiam
1147 2473 1251 2536 conti·

186 2583 284 2627 nuum
306 2563 463 2626 montium
486 2563 609 2648 iugum,
633 2563 718 2627 ultra
737 2561 995 2649 quod'plnrimae
1011 2571 1124 2647 gentes
1138 2571 1251 2646 agunt,

185 2673 227 2715 ex
261 2651 378 2737 quibus
410 2651 564 2716 latissime
596 2661 688 2738 patet
710 2651 905 2737 Isoegiorum
939 2672 1057 2716 nomen
1087 2653 1120 2715 in
1142 2651 1253 2737 plnres

185 2741 334 2806 ciuitates
373 2738 534 2807 diffusum.
595 2741 830 2806 ualentissimae
875 2742 1057 2806 nominasse
1100 2739 1251 2825 sufficiet,

187 2828 316 2914 Herios,
349 2829 563 2914 Heluecouas,
598 2828 768 2914 Manimos,
803 2829 960 2914 Helisios,
995 2827 1250 2894 Nabanarualos.

186 2920 273 3006 apud
296 2916 539 2983 Nahauurnalos
569 2922 721 3005 antiquae
752 2920 916 3005 religionis
947 2920 1037 2984 lucus
1060 2919 1250 2984 ostenditur.

185 3008 347 3095 praesidet
362 3009 510 3074 sacerdos
521 3008 669 3074 muliebri
685 3019 808 3093 ornatu,
823 3009 879 3074 sed
895 3009 971 3074 deos
987 3010 1254 3096 interpretatione

186 3098 331 3163 Romana
346 3095 512 3163 Castorem
530 3096 757 3184 Pollucemque
772 3107 958 3163 memorant.
992 3119 1032 3163 ea
1046 3101 1096 3162 uis
1117 3098 1253 3183 numini,

185 3207 301 3251 nomen
318 3186 415 3251 Alcis.
455 3187 541 3251 nulla
557 3188 741 3270 simulacra,
757 3189 880 3253 nullum
895 3189 1085 3274 peregrinae
1100 3189 1255 3274 supersti-

186 3277 282 3340 tionis
299 3277 484 3362 nestigium3
509 3285 545 3341 ut
564 3276 681 3341 frames
701 3287 820 3360 tamen,
844 3287 880 3340 ut
902 3279 1033 3341 iuuenes
1047 3286 1252 3341 uenerantur.

276 3362 427 3430 Ceterum
442 3364 536 3430 Harii
559 3385 656 3453 super
679 3367 775 3449 uires,
799 3366 915 3452 quibus
938 3375 1140 3431 enumeratos
1155 3365 1253 3453 paulo

186 3463 261 3519 ante
284 3455 418 3541 populos
450 3455 661 3536 antecedunt,
694 3466 797 3520 truces
829 3457 943 3520 insitae
977 3456 1096 3520 feritati
1120 3467 1189 3520 arte
1213 3477 1253 3519 ac

186 3553 333 3630 tempore
355 3544 591 3610 lenocinantur:
617 3547 712 3630 nigra
734 3555 835 3628 scuta,
859 3546 959 3610 tincta
983 3567 1134 3630 corpora3
1163 3555 1253 3609 atras

187 3631 226 3699 ad
250 3632 373 3719 proelia
395 3643 506 3700 noctes
529 3634 641 3720 legunt
664 3635 797 3721 ipsaque
820 3633 988 3698 formidine
1016 3645 1113 3719 atque
1136 3633 1255 3698 umbra
1377 3677 1378 3680 κ

187 3721 296 3787 feralis
320 3724 479 3788 exercitus
501 3732 659 3788 terrorem
682 3722 840 3806 inferunt,
871 3724 958 3788 nullo
990 3722 1129 3787 hostium
1156 3725 1252 3787 susti-

187 3822 283 3877 nente
305 3831 423 3876 nouum
446 3833 485 3876 ae
506 3812 596 3876 uelut
618 3811 780 3877 infernum
803 3823 986 3900 aspectum3
1009 3833 1084 3876 nam
1107 3814 1203 3898 primi
1220 3814 1256 3878 in

187 3900 335 3992 omqibus
357 3901 487 3991 proeliis
510 3901 592 3968 oculi
615 3903 795 3967 uincuntur.
