2770 4348
542 159 799 280 ⁸-ro-

247 389 353 462 Trans
369 387 492 478 Lygios
513 387 681 462 Gethones
702 399 878 474 regnentur
901 393 998 478 paulo
1019 395 1083 462 iam
1106 391 1222 464 adduo-

157 482 220 546 tius
244 501 340 565 quam
364 488 490 549 oeterue
513 476 752 548 Germanorum
783 489 917 564 gentes,
949 481 1090 552 noudum
1113 492 1222 555 tamen
1267 540 1268 543 ,

159 591 258 655 supro,
278 567 471 636 libertatem.

245 657 394 723 Protinus
417 655 533 724 deindo
555 657 597 724 eb
622 655 753 727 Ooeuuo
776 657 874 745 Rugii
897 668 930 725 et
952 659 1109 735 Lemouii.
1157 685 1221 732 om·

155 749 307 833 niumque
329 747 443 814 horum
466 748 612 831 gentium
634 749 760 831 insigne
792 747 931 815 rotunde
963 759 1071 836 sonte,
1105 751 1221 824 breues

156 835 265 922 gladii,
291 845 324 902 et
347 858 426 921 erga
449 859 542 921 reges
566 838 765 924 obsequium.

244 927 297 992 44.
321 922 476 994 Suionum
499 925 573 994 hino
596 927 743 996 oiuitates
766 928 855 1012 ipsae
878 929 910 998 iu
936 927 1067 998 Ooeeno
1092 940 1221 1016 praetor

155 1017 241 1082 uiros
263 1037 418 1101 armaque
440 1015 595 1082 elassibus
611 1017 731 1084 ualent.
770 1017 890 1088 Forma
905 1019 1036 1086 nauium
1052 1041 1088 1083 eo
1105 1019 1224 1104 differt,

155 1103 240 1191 quod
263 1107 424 1190 utrimque
453 1128 551 1191 prore
583 1115 730 1191 puratum
763 1128 890 1192 semper
912 1106 1061 1194 appulsui
1083 1109 1222 1178 frontem

154 1196 232 1278 agit.
279 1194 350 1259 Neo
383 1195 464 1262 uelis
494 1196 717 1264 ministrantur
739 1218 799 1260 nee
822 1218 928 1264 remos
951 1198 983 1260 in
1008 1195 1153 1266 ordinem
1176 1199 1219 1263 le·

154 1284 275 1350 teribus
299 1282 493 1368 adiungunt:
529 1284 686 1366 solutum,
713 1293 748 1349 ut
770 1287 805 1354 in
828 1285 1021 1372 quibusdem
1043 1285 1222 1370 fluminum,

155 1383 187 1448 et
210 1372 374 1455 mutabile,
397 1382 432 1438 ut
455 1396 507 1438 res
531 1376 643 1460 posoit,
667 1373 742 1438 hino
765 1373 818 1441 uel
840 1375 926 1444 illino
948 1378 1130 1460 remigium.

242 1463 303 1527 Est
326 1460 410 1548 apud
425 1463 496 1527 illos
513 1473 546 1527 et
562 1464 675 1549 opibus
691 1463 806 1547 honos,
832 1486 933 1551 eoque
948 1487 1031 1532 unus
1045 1467 1220 1552 imperitet,

153 1550 247 1616 nullis
269 1554 334 1620 iem
357 1551 609 1638 exceptionibus,
633 1575 697 1618 uon
719 1555 866 1640 precario
891 1555 961 1622 iure
977 1555 1127 1641 parentii.¹
1160 1579 1220 1622 neo

153 1664 256 1725 armo,
271 1649 306 1704 ut
322 1640 408 1728 apud
424 1651 547 1714 eeteros
563 1640 758 1727 Germanos,
782 1645 814 1713 in
830 1645 1022 1730 promiscuo,
1040 1644 1096 1714 sed
1112 1645 1221 1715 clausu

154 1730 213 1795 sub
241 1730 386 1814 eustode,
411 1740 443 1798 et
467 1731 596 1818 quidem
619 1755 727 1815 seruo,
761 1735 837 1818 quia
866 1733 987 1801 subitos
1010 1733 1150 1804 hostium
1174 1737 1217 1802 iu·

154 1843 269 1886 cursus.
289 1819 437 1906 prohibet
454 1819 614 1906 Oceanus,
638 1823 755 1892 otiosae
777 1845 873 1908 porro
894 1830 1093 1890 armatorum
1106 1847 1220 1896 manus

151 1909 245 1974 facile
260 1910 441 1976 lasciuiunt:
467 1913 631 1978 enimuero
646 1933 749 1998 neque
760 1912 901 1978 nobilem
914 1934 1018 1998 neque
1033 1914 1220 1998 ingenuum,

150 2021 191 2063 ne
214 1999 402 2068 libertinum
422 2000 550 2087 quidem
574 2003 672 2067 ermis
695 2023 894 2087 praeponere
915 1997 1007 2086 regie
1024 2003 1146 2074 utilitas
1160 2015 1217 2074 est.

241 2090 295 2154 45.
320 2089 425 2158 Trans
443 2088 579 2158 Suiones
602 2089 689 2160 eliud
712 2113 814 2174 mare,
837 2091 967 2176 pigrum
990 2114 1028 2158 eo
1051 2115 1153 2179 prope
1172 2095 1218 2160 iu-

152 2187 289 2263 motum,
322 2201 385 2265 quo
420 2181 506 2264 cingi
531 2177 678 2266 eludique
702 2189 862 2248 terrarum
897 2181 1009 2250 orbem
1031 2179 1105 2246 hino
1128 2179 1220 2266 fides,

152 2267 238 2354 quod
261 2276 425 2335 extremus
450 2269 594 2338 cedentis
616 2271 681 2340 iem
704 2269 781 2336 solis
803 2270 911 2354 fulgor
934 2271 967 2334 in
991 2279 1079 2341 ortus
1103 2269 1219 2341 edurat

149 2355 230 2422 odeo
254 2359 368 2441 clerus,
392 2366 428 2422 ut
451 2359 557 2425 sidere
571 2357 720 2443 hebetet3
745 2381 858 2428 sonum
873 2361 1005 2445 insuper
1021 2363 1218 2446 emergentis

150 2445 254 2514 audiri
276 2447 459 2534 formasque
482 2445 615 2514 deorum
631 2457 663 2520 et
679 2447 787 2518 radios
802 2449 917 2534 ospitis
936 2450 1037 2535 aspici
1052 2452 1217 2536 persuasio

152 2535 260 2603 edicit.
308 2535 382 2601 illue
405 2558 516 2624 usque,
541 2548 574 2605 et
598 2538 684 2604 lema
708 2561 797 2620 uera,
819 2547 946 2610 tuntum
969 2547 1094 2608 natura.

95 2697 99 2704 ¹
239 2625 329 2712 Ergo
363 2629 428 2696 iem
464 2626 576 2696 dextro
607 2623 735 2698 Suebici
770 2629 868 2695 meris
902 2627 996 2696 litore
1029 2626 1218 2700 Aestiorum

150 2725 263 2800 gentes
279 2714 463 2800 adluuntur,
478 2717 593 2802 quibus
605 2719 686 2786 ritus
698 2717 889 2803 habitusque
902 2713 1089 2802 Sueborum,
1106 2718 1218 2804 ungue

149 2803 354 2874 Britannioee
376 2808 517 2893 propior.
563 2817 702 2872 matrem
726 2804 820 2873 deum
840 2816 1042 2874 uenerantur.
1089 2809 1217 2893 insigne

150 2895 386 2978 superstitionis
410 2895 530 2964 formes
553 2919 704 2982 aprorum
728 2905 872 2979 gestent:
902 2893 936 2963 id
959 2918 1016 2982 pro
1040 2898 1141 2963 ermis
1161 2897 1214 2962 he·

150 2984 336 3070 missumque
359 2985 458 3052 tutela
481 3008 628 3053 securum
653 2985 733 3052 <leue
758 2985 912 3056 cultorem
940 2987 1038 3052 etium
1059 2987 1144 3056 tuter
1160 2985 1215 3052 ho·

150 3074 209 3140 stis
222 3082 380 3160 praestet:
405 3097 498 3142 rurus
512 3074 603 3160 ferri,
616 3076 767 3161 frequens
783 3075 914 3144 fustium
930 3097 1019 3142 usus,
1055 3074 1217 3146 [sumente

150 3163 481 3253 ceterosque'fruetus
513 3166 687 3251 patientius
716 3186 813 3250 quam
836 3186 898 3250 pro
918 3164 1012 3232 solita
1035 3161 1215 3234 Germano-

150 3274 221 3319 rum
238 3253 361 3337 ,inertie
382 3252 539 3323 laborent.
587 3253 643 3322 sed
675 3263 707 3320 et
737 3275 827 3322 mure
859 3261 1061 3338 scrutentur,
1093 3277 1132 3326 ue
1155 3255 1216 3324 soli

150 3343 292 3408 omnium
315 3342 478 3428 sueinum,
510 3342 595 3430 quod
617 3343 680 3430 ipsi
711 3342 836 3426 glesum
861 3351 993 3431 nocent,
1024 3344 1108 3414 iuter
1132 3341 1215 3414 uada

150 3439 251 3516 atque
271 3433 304 3496 in
328 3432 397 3517 ipso
427 3431 523 3503 litore
552 3433 674 3518 legunt.
719 3454 780 3500 neo
815 3453 897 3518 quae
928 3441 1057 3517 neuma,
1091 3455 1214 3519 quaeue

148 3521 231 3585 ratio
254 3521 383 3606 gignat,
416 3530 452 3585 ut
475 3522 638 3606 barbaris,
663 3523 848 3608 quaesitum
869 3531 1126 3608 compertumue;
1159 3520 1214 3592 diu

151 3609 228 3695 quin
252 3611 350 3676 etium
373 3612 458 3691 iuter
480 3622 589 3682 oeteru
612 3613 825 3680 eieetementu
839 3612 937 3682 meris
953 3611 1090 3694 iacebat,
1114 3610 1214 3678 eloneo

71 3737 73 3742 ·
147 3699 275 3768 luxurie
305 3709 414 3770 nostra
450 3697 537 3768 dedit
569 3725 696 3769 nomeu.
742 3702 821 3787 ipsis
854 3703 887 3765 in
914 3699 1097 3770 nullorum
1133 3701 1214 3772 rudo

147 3788 276 3873 legitur,
299 3789 435 3860 informe
446 3788 630 3876 perfertur,
653 3792 856 3876 pretiumque
872 3790 1024 3860 mirantes
1040 3791 1214 3876 aecipiunt,

148 3899 259 3942 sucum
282 3887 391 3944 temen
414 3879 564 3944 orborum
590 3902 659 3944 esse
682 3880 859 3964 intelleges,
883 3881 959 3964 quie
974 3888 1103 3944 terrena
1118 3901 1211 3966 quee-
