2770 4348
637 200 816 263 ..5-

194 378 400 444 humanioris
417 378 556 463 speciem
573 373 765 440 adsimulare
782 397 822 439 cx
837 372 1055 459 magnitudine
1072 375 1255 440 caelestium

194 468 402 532 arbitrantur.

284 555 390 620 Lucos
420 577 458 618 ac
487 575 618 618 nemora
646 563 833 617 consecrant
855 551 1051 637 deorumque
1072 551 1255 616 nominibus

194 646 355 732 appellant
379 652 538 709 secretum
561 642 652 725 illud,
678 640 763 727 quod
786 642 853 707 sola
874 642 1056 706 reuerentia
1078 640 1197 705 uident.

286 736 337 801 10.
360 731 516 820 Auspicia
539 741 704 816 sortesque
726 739 763 794 ut
787 735 841 817 qui
864 733 1004 796 maxime
1027 729 1210 795 obseruant.

284 821 427 888 Sortium
450 818 643 885 consuetudo
667 821 812 906 simplex.
858 822 985 905 uirgam
1008 819 1182 905 frugiferae
1206 840 1255 882 ar·

193 911 266 976 bori
293 911 434 977 decisam
463 911 495 973 in
525 911 667 974 surculos
689 919 859 995 amputant
881 930 999 994 eosque
1021 909 1105 972 notis
1129 906 1256 994 quibus·

195 999 269 1064 dam
293 1000 447 1065 discretos
471 1020 568 1084 super
591 996 758 1063 candidam
780 1008 905 1062 uestem
927 1006 1037 1062 tenent
1059 1020 1097 1062 ac
1124 997 1257 1061 fortuito

195 1098 361 1176 spargunt.
408 1110 493 1171 mox,
518 1089 544 1151 si
567 1087 694 1172 publice
717 1087 910 1169 consuletur,
935 1085 1083 1152 sacerdos
1105 1086 1256 1168 ciuitatis,

196 1181 245 1242 sin
267 1179 433 1265 priuatim,
458 1179 527 1263 ipsc
549 1185 643 1262 pater
666 1175 820 1259 familiae,
844 1185 994 1262 precatus
1018 1174 1094 1240 deos
1118 1174 1254 1240 caelum·

195 1289 257 1353 que
282 1267 469 1354 suspiciens,
493 1274 544 1329 ter
567 1265 709 1349 singulos
733 1265 826 1351 tollit,
851 1265 993 1330 sublatos
1016 1263 1188 1328 secundum
1211 1264 1257 1327 in-

216 1378 337 1421 ressam
353 1365 427 1420 ante
446 1363 556 1419 notam
572 1355 810 1440 interpretatur.
851 1352 887 1420 Si
906 1353 1149 1442 prohibuerunt,
1171 1351 1258 1416 nulla

193 1379 234 1511 de
258 1445 371 1510 cadem
393 1467 429 1508 re
449 1444 481 1508 in
497 1442 633 1507 eundem
650 1442 734 1507 diem
750 1444 957 1526 consultati03
982 1445 1032 1507 sin
1054 1443 1256 1529 permissum,

195 1535 408 1620 auspiciorum
433 1532 537 1598 adhuc
560 1531 639 1596 fides
663 1533 813 1617 exigitur.
860 1542 892 1597 et
914 1531 992 1597 illud
1015 1531 1145 1618 quidem
1161 1532 1258 1595 ctiam

193 1622 246 1686 hic
266 1632 387 1705 notum,
411 1624 519 1685 auium
534 1643 629 1685 uoces
645 1621 834 1707 uolatusquo
850 1623 1068 1704 interrogare:
1091 1622 1257 1707 proprium

195 1713 300 1795 gentis
334 1732 489 1797 equorum
521 1732 647 1796 quoque
678 1711 849 1796 praesagia
878 1732 916 1775 ac
944 1712 1083 1774 monitus
1107 1709 1256 1795 experiri.

195 1800 327 1865 Publice
347 1801 476 1866 aluntur
496 1798 599 1863 isdem
618 1799 801 1865 nemoribus
820 1821 858 1863 ac
873 1800 963 1884 lucis,
980 1797 1108 1863 candidi
1123 1808 1155 1862 et
1170 1795 1257 1861 nullo
1276 1881 1277 1884 Ἴ

195 1890 323 1954 mortali
346 1911 443 1975 opere
466 1890 620 1972 contacti3
646 1910 725 1974 quos
747 1908 874 1969 pressos
891 1911 981 1954 sacro
998 1910 1093 1952 curru
1109 1885 1257 1952 sacerdos

195 2002 233 2043 ac
259 2001 319 2044 rex
348 1978 401 2042 uel
432 1979 581 2064 princeps
613 1978 752 2042 ciuitatis
777 1980 971 2042 comitantur
992 1977 1197 2063 hinnitusque
1220 1997 1258 2040 ac

194 2069 340 2133 fremitus
370 2067 552 2132 obseruant.
598 2088 657 2132 nec
688 2067 744 2132 ulli
774 2069 915 2153 auspicio
948 2069 1050 2130 maior
1072 2066 1168 2150 fides,
1192 2086 1257 2130 non

196 2157 296 2222 solum
320 2155 407 2243 apud
429 2155 571 2242 plebem,
596 2154 680 2242 apud
704 2179 867 2243 proceres,
892 2154 978 2243 apud
1001 2155 1196 2238 sacerdotes3
1222 2176 1256 2219 se

195 2248 280 2311 enim
302 2249 463 2310 ministros
487 2245 635 2328 deorum,
660 2245 731 2311 illos
755 2247 896 2310 conscios
919 2253 1043 2332 putant.

282 2334 343 2400 Est
377 2344 409 2399 et
440 2335 503 2400 alia
535 2334 717 2399 obseruatio
751 2336 980 2421 auspiciorum,
1014 2356 1077 2420 qua
1108 2334 1257 2418 grauium

193 2424 350 2489 bellorum
374 2433 509 2488 euentus
532 2424 708 2510 explorant.

282 2513 361 2577 Eius
383 2515 504 2598 gentis,
530 2535 603 2576 cum
627 2534 690 2599 qua
715 2512 836 2577 bellum
861 2520 918 2596 est,
944 2513 1106 2596 captiuum
1129 2531 1257 2596 quoquo

193 2600 288 2667 modo
310 2603 523 2688 interceptum
541 2624 613 2666 cum
629 2601 730 2666 electo
753 2601 957 2688 popularium
982 2623 1120 2682 suorum,
1142 2600 1256 2686 patriis

194 2712 355 2777 quemque
377 2693 484 2772 armis,
509 2693 728 2756 committunt:
752 2691 888 2756 uictoria
910 2689 1003 2755 huius
1025 2689 1078 2754 uel
1098 2688 1182 2753 illius
1198 2709 1256 2774 pro

192 2778 387 2866 praeiudicio
410 2781 573 2865 accipitur.

283 2870 334 2934 11.
365 2869 417 2934 Dc
451 2867 626 2934 minoribus
661 2868 756 2933 rebus
789 2869 948 2954 principes
987 2866 1182 2948 consultant,
1216 2866 1256 2931 de

192 2957 366 3022 maioribus
390 2980 509 3042 omnes,
533 2959 580 3023 ita
598 2968 717 3042 tamen,
738 2967 774 3022 ut
791 2980 830 3022 ea
846 2979 982 3043 quoque,
1005 2978 1141 3042 quorum
1156 2977 1256 3041 penes

191 3046 319 3133 plebem
342 3046 510 3111 arbitrium
535 3056 595 3127 est,
621 3045 706 3133 apud
729 3049 889 3133 principes
912 3055 1159 3132 pertractentur.

281 3133 415 3220 Coeunt,
440 3138 501 3200 nisi
525 3135 602 3222 quid
625 3137 790 3201 fortuitum
808 3144 841 3200 et
857 3135 997 3200 subitum
1020 3135 1141 3217 incidit,
1160 3135 1255 3197 certis

192 3221 312 3308 diebus,
338 3247 410 3290 cum
427 3234 482 3290 aut
505 3224 673 3290 inchoatur
694 3225 770 3288 luna
793 3234 848 3290 aut
871 3225 1036 3310 impletur3
1061 3247 1136 3288 nam
1159 3244 1256 3308 agen·

193 3311 241 3378 dis
264 3314 361 3378 rebus
385 3312 445 3377 hoc
468 3315 761 3401 auspicatissimum
784 3315 909 3378 initium
935 3312 1079 3378 credunt.

279 3401 351 3467 Nec
385 3400 509 3467 dierum
542 3425 727 3487 numerum,
760 3412 795 3468 ut
824 3425 897 3484 nos,
926 3401 983 3466 sed
1005 3403 1147 3466 noctium
1171 3423 1255 3465 com-

191 3500 313 3576 putant.
359 3493 406 3556 sic
429 3493 634 3576 constituunt,
659 3495 705 3556 sic
728 3492 913 3557 condicunt:
941 3514 1006 3556 nox
1029 3490 1146 3556 ducere
1169 3489 1255 3555 diem

190 3581 328 3645 uidetur.

278 3668 363 3733 Illud
394 3691 434 3734 ex
463 3667 612 3734 libertate
643 3671 773 3754 uitium,
807 3669 892 3755 quod
922 3692 985 3734 non
1014 3668 1108 3733 simul
1135 3691 1195 3732 nec
1218 3676 1254 3731 ut

190 3757 268 3822 iussi
291 3759 497 3842 conueniunt,
522 3756 579 3823 sed
602 3767 634 3822 et
657 3758 739 3823 alter
763 3769 795 3823 et
817 3760 933 3824 tertius
961 3757 1029 3822 dies
1053 3759 1254 3822 conctationc

191 3847 373 3913 coeuntium
389 3847 577 3913 absumitur.
613 3856 648 3910 ut
663 3848 778 3912 turbae
793 3847 922 3934 placuit,
940 3845 1109 3913 considunt
1128 3847 1253 3910 armati.
