2770 4348
582 185 895 252 -14-’.

162 362 313 432 bellum(
336 364 402 426 rari
437 383 590 426 excursus
625 374 656 426 et
690 361 822 427 fortuita
848 383 972 448 pugna.
1030 363 1226 448 equestrium
1331 391 1335 400 ·

163 473 239 515 sane
261 451 378 515 uirium
401 450 434 515 id
456 453 632 537 proprium,
657 453 860 537 citoparare
884 452 1062 535 uictoriam,
1088 451 1152 516 cito
1176 472 1226 515 ce-

158 538 255 604 ·dere:
279 540 432 605 uelocitas
455 535 546 604 iuxta
569 539 791 624 formidinem,
817 534 974 605 conctatio
998 541 1128 626 propior
1152 561 1224 604 con-

162 632 298 694 stantiae
315 639 371 706 est.
419 630 471 694 31.
496 629 540 693 Et
555 629 626 693 aliis
643 627 879 694 Germanorum
894 629 1021 715 populis
1036 638 1224 715 usurpatum

162 740 236 782 raro
260 728 292 783 et
314 721 442 804 priuata
465 719 618 804 cuiusque
645 717 797 782 audentia
829 716 914 804 apud
939 716 1071 782 Chattos
1094 719 1127 781 in
1151 739 1224 781 con-

154 811 291 882 sensum
314 809 421 891 uertit3
446 818 482 871 ut
504 809 643 893 primum
659 805 866 891 adoleuerint,
891 809 1011 871 crinem
1027 806 1226 892 barbamque

164 896 367 980 submittere,
401 918 462 961 nec
484 898 545 961 nisi
568 896 659 961 hoste
682 917 774 961 caeso
798 917 916 960 exuere
938 897 1079 960 uotiuum
1105 895 1226 1048 ohhfflr¹

162 994 295 1070 tumque
317 986 428 1050 uirtuti
452 987 515 1048 oris
538 984 693 1050 habitum.
741 1007 836 1070 super
858 986 1047 1069 sanguinem
1072 995 1104 1049 et
1124 1007 1181 1070 spo
1294 1033 1302 1045 .

162 1074 307 1138 reuelant
330 1075 484 1157 frontem,
509 1095 608 1160 seque
631 1085 699 1138 tum
722 1072 849 1138 demum
873 1075 985 1159 pretia·
1000 1071 1152 1138 nascendi
1174 1095 1224 1137 re·

162 1164 271 1228 tulisse
294 1163 473 1248 dignosque
496 1165 601 1248 patria
623 1185 661 1228 ac
683 1161 870 1249 parentibus
893 1163 1017 1227 ferunt:
1040 1163 1167 1246 ignauis
1192 1171 1226 1227 et

162 1251 332 1316 inbellibus
364 1262 474 1316 manet
503 1252 641 1337 squalor.
692 1250 883 1316 fortissimus
917 1252 1051 1337 quisque
1084 1249 1225 1315 ferreum

162 1342 293 1427 insuper
322 1341 452 1405 anulum
482 1337 745 1425 (ignominiosum
767 1339 800 1404 id
823 1340 926 1424 genti)
950 1340 1038 1405 uelut
1060 1340 1224 1404 uinculum

164 1439 282 1514 gestat,
308 1429 409 1495 donec
433 1453 466 1493 se
489 1429 587 1494 caede
610 1429 710 1493 hostis
733 1428 888 1495 absoluat.

251 1518 401 1584 Plurimis
417 1516 606 1583 Chattorum
622 1518 674 1583 hic
689 1517 796 1604 placet
811 1517 949 1602 habitus,
965 1519 1093 1604 iamque
1110 1527 1226 1582 canent

163 1608 306 1693 insignes
336 1617 368 1672 et
395 1607 540 1672 hostibus
574 1609 668 1672 simul
695 1609 825 1693 suisque
857 1608 1034 1671 monstrati.
1081 1607 1224 1670 omnium

163 1718 261 1783 penes
277 1696 335 1761 hos
351 1698 441 1762 initia
457 1719 654 1782 pugnarum3
678 1696 758 1761 haec
773 1698 878 1782 prima
894 1717 1020 1781 semper
1042 1697 1137 1778 acies,
1153 1696 1225 1758 uisu

165 1806 267 1869 noua3
303 1807 379 1850 nam
406 1807 446 1850 ne
479 1787 513 1849 in
541 1807 620 1871 pace
647 1783 776 1870 quidem
806 1786 893 1849 cultu
924 1786 1051 1849 mitiore
1080 1805 1226 1848 mansue·

164 1885 266 1938 scunt.
313 1875 391 1939 nulli
413 1874 526 1939 domus
550 1883 605 1938 aut
634 1895 713 1958 ager
736 1884 791 1938 aut
814 1873 921 1959 ahqua
943 1895 1035 1938 cura:
1067 1883 1162 1961 prout
1184 1873 1226 1937 ad

164 1985 324 2049 quemque
339 1986 467 2045 uenere,
484 1964 621 2047 aluntur,
641 1962 769 2049 prodigi
784 1963 889 2047 alieni,
913 1972 1149 2048 contemptores
1166 1964 1224 2045 sui,

164 2049 264 2118 donec
281 2054 452 2136 exsanguis
475 2061 622 2117 senectus
638 2061 704 2116 tam
724 2050 822 2115 durae
838 2053 951 2116 uirtuti
963 2053 1103 2137 impares
1115 2051 1222 2115 faciat.

256 2144 308 2208 32.
354 2141 497 2206 Proximi
532 2139 658 2207 Chattis
697 2150 820 2205 certum
854 2143 918 2205 iam
952 2141 1044 2205 alueo
1078 2140 1226 2205 Rhenum

165 2233 283 2317 quique
307 2232 463 2296 terminus
487 2253 556 2295 esse
589 2228 725 2294 sufficiat
746 2229 840 2316 Vsipi
869 2253 907 2295 ac
931 2227 1084 2294 Tencteri
1107 2229 1224 2293 colunt.

164 2320 316 2386 Tencteri
339 2342 435 2406 super
458 2320 587 2384 solitum
610 2319 766 2384 bellorum
789 2318 885 2383 decus
908 2341 926 2383 e
949 2320 1065 2382 uestris
1087 2316 1225 2403 discipli·

160 2432 222 2474 nae
245 2419 314 2474 arte
336 2408 552 2495 praecellunt3
583 2431 643 2474 nec
670 2409 773 2472 maior
804 2408 891 2493 apud
942 2407 1048 2471 hattos
1081 2405 1225 2493 peditum

160 2499 245 2581 laus,
279 2520 375 2584 quam
400 2496 568 2562 Tencteris
592 2500 744 2584 equitum.
792 2494 847 2562 Sic
876 2498 1042 2561 instituere
1075 2497 1224 2580 maiores,

161 2588 282 2674 posteri
315 2589 490 2672 imitantur.
537 2586 583 2650 Hi
616 2587 704 2650 lusus
738 2585 925 2667 infantium,
960 2586 1039 2650 haec
1073 2587 1226 2649 iuuenum

162 2677 349 2760 aemulatio,
374 2687 584 2762 perseuerant
606 2697 708 2743 senes.
755 2676 839 2739 inter
861 2673 1015 2739 familiam
1038 2682 1070 2738 et
1093 2684 1226 2760 penates

162 2775 193 2830 et
217 2768 289 2830 iura
311 2767 547 2830 successionum
571 2766 645 2850 equi
675 2761 863 2829 traduntur:
898 2764 1017 2849 excipit
1039 2760 1137 2847 filius,
1161 2784 1226 2826 non

161 2864 197 2919 ut
222 2865 327 2919 cetera
350 2856 509 2919 maximus
532 2863 620 2938 natu,
645 2852 701 2918 sed
724 2862 819 2938 prout
843 2849 933 2916 ferox
953 2852 1038 2917 bello
1055 2861 1086 2917 et
1102 2851 1224 2918 mehor.

251 2945 303 3008 33.
328 2942 425 3008 quta
442 2941 619 3008 Tencteros
635 2940 784 3006 Bructeri
800 2943 875 3006 olim
892 2941 1117 3024 occurrebant;
1141 2962 1225 3005 nunc

162 3029 344 3097 Chamauos
361 3041 393 3096 et
409 3031 621 3118 Angriuarios
637 3032 842 3116 immigrasse
857 3040 1006 3094 narratur
1016 3030 1115 3116 pulsis
1126 3027 1225 3093 Bruc-

161 3123 239 3186 teris
261 3144 299 3186 ac
321 3123 450 3207 penitus
475 3123 591 3186 excisis
606 3122 782 3185 uicinorum
800 3141 955 3184 consensu
971 3122 1147 3202 nationum,¹
1170 3141 1226 3183 seu
1331 3119 1339 3132 ”

163 3209 332 3296 superbiae
355 3209 428 3275 odio
452 3233 508 3274 seu
531 3208 671 3296 praedae
694 3207 860 3274 dulcedine
883 3229 939 3272 seu
962 3208 1071 3274 fauore
1087 3207 1226 3292 quodam

161 3321 240 3383 erga
261 3321 319 3364 nos
342 3297 491 3382 deorum3
515 3322 589 3364 nam
613 3321 653 3363 ne
673 3297 855 3384 spectaculo
872 3295 999 3382 quidem
1014 3297 1128 3384 proelii
1143 3298 1223 3362 inui-

162 3387 248 3452 dere.
296 3410 392 3474 super
409 3386 492 3456 LX.
508 3387 597 3453 milia
619 3410 682 3452 non
706 3389 803 3462 armis
827 3385 963 3472 telisque
979 3387 1144 3470 Romanis,
1169 3383 1225 3450 sed

163 3476 250 3563 quod
272 3475 530 3561 magnificentius
547 3486 606 3559 est,
631 3476 837 3542 oblectationi
853 3476 1016 3562 oculisque
1032 3474 1224 3539 ceciderunt.

162 3575 306 3645 maneat,
331 3587 465 3652 quaeso,
490 3565 647 3652 duretque
671 3566 835 3652 gentibus,
862 3567 892 3631 si
915 3587 979 3629 non
1001 3585 1090 3628 amor
1113 3565 1224 3647 nostri,

162 3665 196 3719 at
220 3665 308 3720 certe
330 3653 437 3720 odium
461 3656 520 3737 sui,
546 3655 672 3741 quando
695 3654 884 3738 urgentibus
908 3653 1033 3740 imperii
1056 3651 1131 3717 fatis
1147 3652 1225 3716 nihil

161 3745 414 3896 iamdnpraestare
438 3744 583 3808 Fortuna
611 3745 712 3809 maius
742 3754 849 3830 potest
881 3764 977 3829 quam
1000 3740 1140 3806 hostium
1163 3742 1224 3806 dis·

162 3854 313 3898 coriam.
