2770 4348
559 132 756 195 ..8-

215 309 331 376 Ooluut
361 311 491 376 discreti
520 333 558 376 ac
590 310 722 396 diuersi,
751 321 787 375 ut
810 311 896 396 fons,
920 321 956 376 ut
980 332 1124 397 campus,
1148 322 1184 377 ut

125 421 237 464 nemus
260 401 390 486 placuit.

141 520 143 524 ¹
214 489 312 554 Vicos
339 491 446 555 locant
468 510 532 553 non
555 490 588 552 in
609 498 754 554 nostrum
777 511 900 554 morem
924 491 1054 554 conexis
1078 499 1109 554 et
1133 512 1183 556 co-

126 577 332 644 haerentibus
360 576 530 662 aedificiis3
564 599 653 644 suam
683 580 817 664 quisque
844 578 972 643 domum
1000 581 1101 666 spatio
1125 581 1184 645 cir·

127 665 257 744 cundat‚
282 669 350 733 siue
372 666 525 732 aduersus
548 689 640 732 casus
663 669 747 754 ignis
770 668 947 734 remedium
969 668 1036 732 siue
1059 669 1186 734 inscitia

126 754 323 822 aedificandi.
760 791 763 796 ·
1028 777 1045 808 ι

215 845 266 910 Ne
298 855 536 911 caementorum
567 845 695 932 quidem
722 843 808 932 apud
830 845 901 910 illos
925 854 981 909 aut
1004 847 1187 932 tegularum

126 956 218 999 usus:
242 937 378 999 materia
400 933 441 999 ad
464 936 571 1000 omnia
594 945 725 1000 utuntur
747 935 876 1000 informi
898 943 930 999 et
950 936 1031 1000 citra
1047 936 1187 1021 speciem

126 1031 183 1088 aut
212 1023 466 1092 delectationem.
522 1022 688 1103 Quaedam
719 1024 790 1089 loca
823 1023 1006 1108 diligentius
1039 1023 1187 1088 inlininnt

127 1121 214 1177 terra
244 1113 290 1176 ita
312 1135 394 1199 pura
416 1136 453 1177 ac
476 1114 677 1200 splendente,
700 1121 736 1177 ut
758 1115 917 1199 picturam
939 1136 978 1178 ac
1000 1112 1188 1178 liniamenta

128 1200 270 1266 colorum
299 1203 450 1266 imitetur.
498 1204 601 1268 solent
623 1213 657 1269 et
679 1211 901 1288 supterraneos
924 1224 1037 1288 specus
1060 1204 1187 1287 aperire

129 1312 246 1376 eosque
270 1291 369 1355 multo
392 1293 522 1378 insuper
544 1289 619 1358 fimo
643 1300 789 1374 onerant,
822 1289 994 1375 suffugium
1026 1291 1123 1356 hiemi
1156 1300 1187 1355 et

128 1380 365 1466 receptaculum
394 1379 556 1466 frugibus,
587 1383 661 1468 quia
688 1382 829 1466 rigorem
851 1379 1009 1464 frigorum
1032 1377 1189 1446 eiusmodi

128 1469 206 1548 lacis
230 1466 320 1554 (locis
344 1467 446 1555 codd.)
469 1469 629 1535 molliunt:
654 1478 701 1555 et,
724 1472 751 1535 si
775 1467 900 1555 quando
924 1468 1024 1534 hostis
1047 1467 1186 1554 aduenit,

128 1567 242 1644 aperta
264 1560 444 1644 populatur,
468 1557 578 1624 abdita
600 1569 708 1624 autem
732 1567 764 1624 et
787 1558 915 1623 defossa
929 1568 984 1623 aut
999 1559 1188 1643 ignorantur

129 1655 184 1711 aut
207 1669 245 1712 eo
268 1649 338 1733 ipso
360 1647 488 1733 fallunt,
513 1647 598 1735 quod
622 1645 803 1735 quaerenda
826 1656 911 1713 sunt.

220 1737 272 1803 17.
297 1735 464 1821 Tegumen
493 1739 640 1802 omnibus
669 1759 783 1822 sagum
812 1734 911 1800 fibula
941 1745 1011 1819 aut,
1045 1739 1073 1800 si
1095 1733 1187 1820 desit,

130 1827 221 1911 spina
251 1836 450 1890 consertum:
484 1835 591 1891 cetera
622 1828 732 1890 intecti
760 1834 844 1890 totos
874 1823 942 1889 dies
969 1827 1060 1889 iuxta
1082 1823 1188 1889 focum

130 1923 227 2000 atque
250 1915 359 2000 ignem
382 1924 492 2000 agunt.

218 2000 474 2090 Locupletissimi
493 2013 582 2069 ueste
598 2001 823 2088 distinguntur,
846 2024 911 2067 non
933 2001 1087 2087 fluitante,
1107 2002 1190 2066 sicut

131 2089 297 2158 Sarmatae
320 2116 358 2157 ac
381 2093 508 2176 Parthi,
541 2091 597 2160 sed
620 2095 732 2158 stricta
755 2106 785 2158 et
809 2092 950 2178 singulos
973 2100 1061 2156 artus
1085 2092 1189 2176 expri-

130 2190 247 2246 mente.

221 2267 347 2335 Gerunt
370 2280 402 2334 et
423 2270 564 2336 ferarum
587 2269 695 2357 pelles,
714 2271 853 2357 proximi
867 2272 956 2356 ripae
972 2267 1188 2354 neglegenter,

131 2359 298 2424 ulteriores
333 2361 536 2446 exquisitius,
568 2369 604 2424 ut
636 2361 751 2446 quibus
782 2358 885 2424 nullus
914 2381 973 2445 per
1000 2358 1190 2422 commercia

132 2447 244 2512 cultus.
291 2449 414 2532 eligunt
436 2449 521 2515 feras
545 2458 578 2513 et
593 2447 738 2514 detracta
760 2448 920 2512 uelamina
943 2454 1100 2533 spargunt
1123 2469 1189 2509 ma-

133 2536 211 2601 culis
234 2538 434 2624 pellibusque
456 2538 632 2622 beluarum,
656 2560 735 2624 quas
759 2539 898 2602 exterior
922 2533 1071 2600 Oceanus
1093 2543 1191 2620 atque

131 2628 277 2711 ignotum
300 2648 389 2692 mare
413 2628 526 2712 gignit.
572 2650 632 2692 nec
660 2627 740 2691 alius
767 2626 895 2691 feminis
918 2646 1014 2711 quam
1037 2624 1114 2688 uiris
1136 2622 1190 2687 ha·

132 2715 227 2801 bitus,
250 2717 311 2780 nisi
335 2717 419 2802 quod
443 2718 581 2782 feminae
604 2718 730 2803 saepius
751 2716 842 2782 lincis
858 2714 1028 2780 amictibus
1043 2711 1191 2778 uelantur

132 2826 249 2890 eosque
273 2827 414 2891 purpura
436 2807 572 2890 uariant,
595 2815 784 2893 partemque
806 2806 940 2870 uestitus
963 2803 1135 2889 superioris
1157 2803 1191 2866 in

132 2896 273 2958 manicas
295 2916 359 2958 non
382 2894 571 2977 extendunt,
599 2895 703 2959 nudae
726 2893 876 2959 bracchia
899 2914 937 2957 ac
959 2892 1109 2974 lacertos3
1134 2888 1191 2956 sed

133 2991 165 3047 et
194 2984 342 3068 proxima
369 3006 445 3069 pars
474 2985 613 3071 pectoris
641 2991 740 3070 patet.
787 2985 837 3048 ls.
862 3003 1055 3069 quamquam
1078 3001 1193 3045 seuera

131 3071 196 3136 illic
218 3073 431 3157 matrimonia,
456 3095 515 3138 nec
538 3072 636 3138 ullam
658 3095 785 3137 morum
807 3081 932 3159 partem
956 3072 1060 3154 magis
1082 3067 1190 3132 lauda-

133 3162 228 3226 ucris.
283 3158 369 3224 Nam
400 3184 501 3248 prope
534 3161 591 3226 soli
624 3163 836 3228 barbarorum
871 3160 1005 3244 singulis
1038 3157 1192 3222 uxoribus

133 3251 274 3314 contenti
297 3259 380 3334 sunt,
405 3251 548 3337 exceptis
571 3249 741 3316 admodum
758 3251 878 3337 paucis,
900 3251 955 3335 qui
969 3270 1034 3313 non
1047 3246 1191 3330 libidine,

133 3337 190 3403 sed
213 3339 253 3403 ob
276 3338 474 3405 nobilitatem
496 3340 642 3426 plurimis
664 3342 785 3426 nuptiis
807 3339 1000 3404 ambiuntur.

222 3427 341 3492 Dotem
372 3451 436 3493 non
459 3451 540 3493 uxor
571 3431 699 3511 marito,
732 3428 788 3494 sed
818 3428 910 3491 uxori
932 3426 1065 3491 maritus
1089 3424 1190 3488 offert.

134 3519 291 3582 intersunt
313 3527 462 3602 parentes
486 3527 519 3583 et
541 3519 712 3606 propinqui
735 3540 772 3582 ac
795 3538 928 3581 munera
949 3514 1100 3603 probant,
1125 3534 1192 3576 mu·

133 3628 212 3672 nera
233 3629 297 3670 non
321 3605 361 3670 sd
385 3605 514 3671 delicias
536 3607 701 3672 muliebris
725 3607 870 3692 quaesita
892 3627 952 3671 nec
975 3601 1090 3689 quibus
1109 3622 1193 3664 noua

135 3703 235 3781 nupta
258 3705 415 3780 comatur,
440 3696 496 3761 sed
519 3696 618 3762 boues
642 3705 673 3760 et
695 3695 856 3760 frenatum
879 3714 994 3780 equum
1013 3699 1045 3755 et
1068 3699 1192 3754 scutum

137 3807 210 3848 cum
233 3784 355 3850 framea
377 3785 558 3872 gladioque.
603 3784 643 3850 In
666 3784 746 3850 haec
768 3806 901 3850 munera
924 3803 1004 3845 uxor
1027 3780 1192 3866 accipitur,
