2770 4348
574 201 771 262 -2-
847 199 855 278 J

141 372 253 441 Gallos
277 375 466 461 expulerint,
491 397 528 438 ac
550 395 634 438 nunc
659 374 794 460 Tungri,
819 384 895 439 tunc
919 372 1075 440 Germani
1098 379 1203 441 uocati

140 466 213 529 sint.
259 466 305 528 ita
327 464 463 528 nationis
483 485 617 547 nomen,
641 484 706 528 non
728 465 833 548 gentis
857 464 1013 529 eualuisse
1036 466 1201 551 paulatim,

139 563 175 618 ut
199 575 309 618 omnes
332 555 472 639 primum
495 575 515 617 a
537 553 660 617 uictore
683 552 723 617 ob
743 562 876 639 metum,
898 575 973 618 mox
989 563 1021 618 et
1037 577 1056 617 a
1075 577 1110 619 se
1125 555 1202 641 ipsis

140 644 269 707 inuento
292 643 420 706 nomine
443 638 600 706 Germani
622 651 824 709 uocarentur.

229 733 258 796 3.
284 730 397 795 Fuisse
418 739 450 795 et
465 729 551 817 apud
567 753 620 795 eos
636 730 813 796 Herculem
835 741 1023 815 memorant,
1047 733 1200 817 primum-

141 842 203 906 que
226 821 369 885 omnium
391 820 531 883 uirorum
557 819 687 884 fortium
710 821 786 884 ituri
808 822 841 883 in
863 820 986 906 proelia
1009 830 1136 885 canunt.

229 906 311 974 Sunt
331 909 393 973 illis
408 908 488 974 haec
505 930 632 994 quoque
648 910 800 993 carmina,
822 930 958 994 quorum
973 908 1086 993 relatu,
1107 931 1202 995 quem

140 998 281 1063 baritum
314 1007 446 1080 uocant,
481 996 660 1062 accendunt
694 999 816 1062 animos
850 997 1040 1083 futuraeque
1074 1020 1203 1084 pugnae

140 1087 301 1152 fortunam
324 1088 394 1174 ipso
418 1096 514 1151 cantu
536 1096 751 1171 augurantur3
776 1095 897 1150 terrent
920 1088 1005 1152 enim
1029 1087 1202 1173 trepidant·

139 1198 189 1260 ue,
213 1184 309 1262 prout
332 1177 437 1240 sonuit
459 1178 553 1260 acies,
578 1198 638 1240 nec
660 1186 726 1239 tam
748 1197 843 1239 uoces
866 1175 940 1240 illae
963 1197 1059 1262 quam
1073 1178 1202 1241 uirtutis

141 1274 313 1330 concentus
335 1263 492 1329 uidentur.
536 1262 728 1329 Adfectatur
750 1265 922 1350 praecipue
949 1267 1106 1351 asperitas
1134 1267 1203 1330 soni

141 1363 173 1418 et
196 1353 334 1419 fractum
356 1374 510 1435 murmur,
535 1352 668 1418 obiectis
692 1351 733 1416 ad
753 1375 788 1418 os
811 1355 919 1438 scutis,
945 1375 1007 1439 quo
1031 1353 1154 1440 plenior
1170 1364 1203 1420 et

139 1445 270 1528 grauior
292 1464 357 1508 uox
379 1464 570 1529 repercussu
593 1443 793 1507 intumescat.

230 1529 379 1598 Ceterum
413 1541 446 1596 et
473 1531 589 1595 Vlixen
640 1530 749 1595 uidam
777 1532 947 1617 opinantur
973 1531 1069 1616 longo
1092 1530 1147 1596 illo
1170 1541 1203 1596 et

140 1620 284 1687 fabuloso
313 1642 420 1685 errore
449 1621 483 1684 in
514 1620 599 1684 hunc
619 1553 793 1684 lteeanum
822 1619 963 1684 delatum
993 1618 1098 1685 adisse
1122 1618 1202 1686 Ger-

140 1711 267 1774 maniae
284 1717 396 1793 terras,
415 1707 714 1794 Asciburgiumque,
736 1707 820 1794 quod
841 1711 873 1773 in
894 1710 964 1795 ripa
979 1708 1083 1773 Rheni
1106 1710 1202 1774 situm

139 1797 299 1885 hodieque
321 1799 491 1879 incolatur,
516 1797 556 1862 ab
580 1797 634 1862 illo
658 1800 865 1862 constitutum
887 1799 1157 1884 nominatumque.

227 1887 330 1952 Aram
349 1889 425 1972 quin
445 1889 540 1951 etiarn
558 1885 646 1950 Vlixi
669 1895 898 1969 consecratam,
922 1885 1047 1952 adiecto
1063 1885 1202 1953 Laertae

140 1978 243 2065 patris
266 1979 403 2060 nomine,
429 1974 542 2040 eodem
563 1975 634 2040 loco
651 1976 726 2040 olim
748 1985 920 2063 repertam,
944 1977 1203 2062 monimentaque

141 2076 174 2132 et
194 2067 333 2130 tumulos
350 2063 503 2152 quosdam
519 2062 654 2130 Graecis
677 2065 793 2129 litteris
817 2066 987 2150 inscriptos
1011 2067 1044 2128 in
1067 2065 1203 2129 confinio

141 2153 336 2220 Germaniae
358 2155 555 2240 Raetiaeque
582 2153 686 2218 adhuc
716 2164 836 2219 extare.
888 2151 979 2230 Quae
1001 2176 1106 2240 neque
1130 2177 1202 2219 con-

139 2243 269 2309 firmare
292 2245 490 2329 argumentis
517 2264 621 2329 neque
644 2242 790 2307 refellere
814 2245 847 2306 in
869 2245 974 2307 animo
998 2253 1062 2307 est:
1091 2267 1130 2308 ex
1158 2245 1203 2307 in·

140 2335 235 2418 genio
265 2355 321 2398 suo
354 2334 488 2419 quisque
515 2332 623 2397 demat
650 2332 704 2396 uel
726 2330 824 2397 addat
847 2330 952 2397 fidem.
999 2333 1030 2396 4.
1054 2331 1129 2419 Ipse
1153 2354 1203 2397 eo-

140 2445 213 2487 rum
240 2418 464 2508 opinionilbus]
495 2420 628 2505 accedo,
657 2422 712 2507 qui
735 2417 930 2486 Germaniae
953 2421 1087 2507 populos
1110 2421 1203 2486 nullis

142 2509 235 2597 [aliis]
271 2511 405 2576 aliarum
437 2511 602 2575 nationum
637 2509 780 2574 conubiis
811 2509 945 2574 infectos
975 2511 1139 2596 propriam
1171 2519 1204 2574 et

141 2603 298 2664 sinceram
325 2609 358 2664 et
386 2608 511 2664 tantum
540 2601 588 2663 sui
618 2599 753 2662 similem
784 2608 912 2683 gentem
945 2599 1089 2664 extitisse
1119 2597 1204 2664 arbi·

140 2699 274 2754 trantur.
318 2686 413 2753 Vnde
439 2687 568 2754 habitus
595 2709 722 2773 quoque
749 2709 928 2774 corporum,
953 2709 1148 2773 quamquam
1170 2690 1203 2751 in

140 2787 230 2843 tanto
253 2777 417 2841 hominum
440 2798 582 2861 numero,
608 2776 693 2841 idem
710 2776 866 2842 omnibus.
905 2786 1012 2840 truces
1029 2787 1061 2841 et
1085 2776 1204 2841 caeruli

143 2867 234 2951 oculi,
259 2866 374 2931 rutilae
397 2887 518 2948 comae,
542 2887 661 2950 magna
683 2887 818 2951 corpora
842 2876 874 2931 et
894 2875 1016 2929 tantum
1040 2864 1081 2930 ad
1104 2868 1203 2951 impe·

140 2967 211 3021 tum
232 2956 356 3021 ualida:
382 2954 503 3021 laboris
530 2965 626 3040 atque
649 2977 781 3041 operum
805 2977 868 3019 non
896 2953 1009 3019 eadem
1033 2956 1202 3040 patientia3

140 3047 336 3130 minimeque
367 3046 453 3109 sitim
480 3053 669 3130 aestumque
696 3044 845 3128 tolerare,
870 3043 994 3128 frigora
1016 3052 1114 3130 atque
1137 3045 1202 3108 ine·

142 3133 227 3200 diam
251 3135 340 3199 caelo
364 3133 472 3198 soloue
496 3131 721 3199 adsueuerunt.

232 3224 261 3287 5.
286 3223 390 3288 Terra
413 3224 473 3287 etsi
496 3221 659 3308 aliquanto
682 3223 790 3309 specie
814 3219 936 3305 differt,
962 3223 995 3286 in
1018 3221 1203 3285 uniuersum

141 3323 250 3378 tamen
284 3322 340 3376 aut
375 3313 461 3377 siluis
493 3310 623 3375 horrida
654 3322 710 3375 aut
740 3308 909 3397 paludibus
932 3309 1042 3393 foeda,
1066 3307 1203 3374 umidior

143 3425 206 3489 qua
228 3399 361 3484 Gallias,
385 3403 549 3466 uentosior
573 3422 637 3486 qua
658 3399 813 3464 Noricum
838 3422 876 3463 ac
898 3401 1099 3465 Pannoniam
1120 3399 1203 3485 aspi-

142 3493 200 3574 cit3
227 3492 304 3555 satis
319 3490 419 3572 ferax,
437 3490 667 3575 frugiferarum
682 3489 835 3554 arborum
850 3490 1032 3576 impatiens,
1049 3510 1202 3574 pecorum

141 3579 296 3663 fecunda,
321 3578 377 3644 sed
400 3579 588 3665 plerumque
610 3581 789 3665 inprocera.

230 3668 282 3733 Ne
311 3670 465 3733 armentis
494 3667 623 3755 quidem
646 3689 720 3732 suus
743 3666 846 3731 honor
869 3677 924 3732 aut
947 3666 1049 3751 gloria
1073 3665 1202 3747 frontis3

141 3780 274 3823 numero
321 3758 477 3842 gaudent,
524 3779 643 3843 eaeque
686 3758 771 3822 solae
815 3766 848 3822 et
886 3757 1089 3841 gratissimae
1126 3775 1203 3841 opes

142 3858 224 3912 sunt.
