2770 4348
564 213 757 275 -6-

220 383 389 451 Silentium
412 409 471 472 per
493 388 689 470 sacerdotes,
719 389 833 474 quibus
855 397 924 452 tum
948 399 980 454 et
1003 389 1194 454 cohercendi

131 477 180 539 ius
213 484 275 560 est,
307 477 493 561 imperatur.
540 499 616 541 mox
642 499 700 541 rex
723 477 776 542 uel
798 479 962 564 princeps,
985 488 1081 564 prout
1104 488 1194 543 aetas

132 567 256 651 cuique,
280 574 376 651 prout
397 564 563 650 nobilitas,
587 575 683 653 prout
706 564 803 631 decus
826 566 999 650 bellorum,
1029 575 1125 653 prout
1148 568 1194 632 fa-

132 652 249 719 cundia
278 662 340 738 est,
371 653 554 742 audiuntur,
579 657 769 720 auctoritate
792 654 947 722 suadendi
968 657 1072 740 magis
1096 678 1194 742 quam

130 741 262 807 iubendi
284 750 451 828 potestate.
499 747 525 809 si
549 742 710 830 displicuit
734 747 905 828 sententia,
931 744 1061 809 fremitu
1084 768 1193 832 asper·

130 844 263 915 nantur3
288 832 336 895 sin
358 830 495 918 placuit,
519 833 659 898 frameas
682 835 882 898 concutiunt:
912 834 1195 899 honoratissimum

132 919 285 986 adsensus
309 942 410 1005 genus
434 931 482 986 est
504 924 602 986 armis
624 921 766 987 laudare.

222 1011 273 1076 12.
307 1009 402 1074 Licet
447 1011 533 1097 apud
578 1012 747 1076 concilium
794 1032 945 1075 accusare
991 1032 1117 1096 quoque
1161 1021 1195 1077 et

131 1098 301 1163 discrimen
342 1099 454 1185 capitis
497 1098 673 1164 intendere.
735 1100 898 1165 distinctio
938 1121 1114 1186 poenarum
1153 1122 1195 1165 ex

132 1187 260 1254 delicte.

220 1274 401 1340 Proditores
425 1285 456 1340 et
478 1276 662 1362 transfugas
683 1277 850 1342 arboribus
867 1277 1080 1363 suspendunt3
1105 1277 1195 1360 igna-

131 1386 188 1429 uos
221 1374 253 1429 et
282 1364 414 1430 inbelles
438 1374 471 1431 et
495 1388 627 1452 corpore
650 1366 786 1431 infames
809 1388 908 1430 caeno
931 1389 970 1430 ac
992 1365 1122 1452 palude,
1146 1366 1192 1429 in·

130 1456 214 1519 iecta
236 1456 368 1540 insuper
391 1463 423 1519 et
446 1463 544 1539 crate,
568 1464 728 1540 mergunt.
768 1454 936 1520 diuersitas
952 1455 1099 1542 supplicii
1119 1453 1195 1519 illuc

130 1545 271 1630 respicit,
287 1552 453 1629 tamquam
469 1544 591 1609 scelera
605 1544 730 1609 ostendi
746 1553 902 1630 oporteat,
919 1542 994 1607 dum
1010 1543 1193 1631 puniuntur,

130 1631 256 1716 flagitia
278 1632 440 1697 abscondi.

220 1719 286 1786 Sed
309 1730 340 1784 et
362 1721 535 1786 leuioribus
558 1721 683 1786 delictis
704 1744 763 1808 pro
786 1720 880 1785 modo
903 1743 1079 1808 poenarum
1099 1743 1193 1805 equo·

131 1832 203 1874 rum
225 1831 440 1897 pecorumque
459 1832 592 1875 numero
608 1811 747 1875 conuicti
762 1810 947 1875 multantur.
986 1831 1062 1896 pars
1076 1809 1194 1874 multae

130 1901 202 1984 regi
225 1899 278 1962 uel
301 1900 432 1984 ciuitati,
457 1922 532 1986 pars
555 1901 626 1986 ipsi,
651 1901 706 1986 qui
725 1898 915 1985 uindicatur,
939 1899 992 1964 uel
1006 1900 1195 1986 propinquis

132 1989 199 2053 eius
223 1987 392 2052 exoluitur.

219 2077 393 2161 Eliguntur
421 2078 454 2142 in
481 2077 584 2143 isdem
616 2078 758 2143 conciliis
789 2087 822 2142 ct
844 2078 1021 2163 principes,
1046 2077 1101 2162 qui
1124 2077 1195 2139 iura

130 2188 190 2252 per
220 2188 321 2252 pagos
354 2167 504 2252 uicosque
535 2164 686 2250 reddunt3
720 2168 848 2230 centeni
879 2166 1013 2250 singulis
1037 2188 1077 2230 ex
1100 2165 1195 2252 plebe

132 2256 262 2320 comites
290 2256 458 2320 eonsilium
482 2256 576 2319 simul
599 2264 631 2319 et
653 2257 829 2321 auctoritas
853 2254 977 2319 adsunt.
1026 2256 1076 2319 13.
1106 2251 1196 2318 Nihil

130 2353 239 2409 autem
270 2365 374 2429 neque
405 2344 551 2430 publicae
585 2366 690 2430 neque
724 2347 871 2430 priuatae
906 2345 951 2408 rei
983 2345 1045 2407 nisi
1080 2344 1195 2407 armati

131 2443 241 2518 agunt.
288 2431 345 2496 sed
367 2455 458 2498 arma
480 2455 606 2498 sumere
628 2456 693 2497 non
714 2442 790 2498 ante
812 2435 962 2519 cuiquam
985 2433 1084 2496 moris
1100 2453 1196 2517 quam

132 2523 245 2586 ciuitas
284 2521 493 2586 suffecturum
529 2522 724 2608 probauerit.
781 2531 850 2586 tum
891 2524 925 2586 in
955 2523 1025 2608 ipso
1059 2521 1194 2586 concilio

131 2611 184 2675 uel
215 2611 397 2697 principum
428 2611 542 2696 aliquis
576 2610 629 2677 uel
662 2621 755 2698 pater
789 2611 841 2675 uel
874 2611 1072 2697 propinquus
1105 2618 1195 2674 scuto

131 2701 319 2786 frameaque
349 2701 499 2764 iuuenem
532 2709 655 2765 ornant.
703 2699 794 2765 Haec
821 2699 906 2786 apud
928 2699 999 2763 illos
1022 2708 1113 2782 toga,
1144 2698 1196 2763 hic

131 2791 253 2876 primus
283 2791 432 2853 iuuentae
455 2787 571 2872 honos,
604 2798 680 2854 ante
711 2789 770 2853 hoc
798 2787 910 2854 domus
936 2810 1012 2875 pars
1035 2786 1195 2873 uidentur,

134 2900 211 2942 mox
233 2878 280 2941 rei
302 2878 458 2963 publicae.

220 2965 360 3050 insignis
383 2966 532 3031 nobilitas
556 2976 612 3030 aut
631 2988 749 3050 magna
769 2974 897 3052 patrum
912 2967 1028 3030 merita
1043 2965 1196 3051 principis

132 3055 352 3141 dignationem
386 3057 483 3120 etiam
512 3053 759 3120 adulescentulis
791 3053 974 3139 adsignant:
1008 3055 1123 3119 ceteris
1146 3076 1196 3117 ro-

132 3144 327 3210 bustioribus
352 3167 389 3210 ac
412 3144 602 3230 iampridem
616 3144 760 3230 probatis
776 3142 1006 3229 adgregantur,
1024 3164 1083 3208 nec
1098 3142 1196 3207 rubor

133 3236 218 3299 inter
241 3235 374 3298 comites
397 3235 507 3319 aspici.

222 3319 351 3388 Gradus
375 3324 452 3408 quin
475 3323 572 3386 etiam
591 3323 661 3408 ipse
677 3323 847 3386 comitatus
868 3320 966 3386 habet
985 3319 1101 3385 iudicio
1117 3321 1195 3404 eius,

135 3434 230 3499 quem
253 3421 429 3495 sectantur,
454 3432 635 3496 magnaque
659 3419 692 3475 et
714 3413 866 3475 comitum
882 3410 1063 3492 aemulatio,
1080 3408 1197 3495 quibus

134 3503 256 3588 primus
288 3498 372 3586 apud
405 3501 584 3586 prinoipem
614 3523 706 3564 suum
736 3500 840 3579 locus,
872 3508 904 3563 et
926 3499 1120 3586 principum,
1146 3499 1197 3562 cui

134 3591 265 3677 plurimi
292 3597 325 3654 ct
354 3590 502 3654 acerrimi
526 3590 669 3652 comites.
715 3588 795 3653 haec
818 3586 973 3673 dignitas,
996 3587 1076 3651 baec
1099 3588 1195 3668 uires,

134 3701 253 3764 magno
284 3700 410 3765 semper
438 3678 611 3742 electorum
639 3678 791 3741 iuuenum
815 3677 912 3763 globo
935 3674 1130 3758 circundari,
1163 3677 1197 3740 in

134 3790 216 3855 pace
241 3767 352 3850 decus,
376 3769 410 3831 in
431 3766 516 3831 bello
539 3764 747 3852 praesidium.

224 3856 295 3922 Nec
317 3856 420 3921 solum
443 3858 475 3922 in
499 3877 557 3920 sua
580 3865 676 3939 gente
700 3856 829 3941 cuique,
859 3853 913 3918 sed
937 3853 1023 3939 apud
1045 3851 1198 3918 finitimas
