2770 4348
426 199 823 266 .„-3-

192 463 213 528 d
280 361 463 460 Argentum
484 383 517 438 et
532 396 646 439 aurum
666 375 838 462 propitiine
854 396 895 439 an
910 376 985 439 irati
1001 375 1044 440 dii
1059 377 1254 460 negauerint

213 465 313 530 ubito.

280 551 351 618 Nec
377 561 486 617 tamen
508 549 748 617 adfirmauerim
775 552 895 617 nullam
919 550 1115 618 Germaniae
1137 575 1254 617 uenam

191 652 361 727 argentum
393 662 548 706 aurumne
580 642 732 726 gignere3
768 644 839 727 quis
873 643 958 706 enim
990 651 1148 707 scrutatus
1181 641 1256 707 est?

190 734 393 818 possessione
417 738 457 794 et
473 752 532 794 usu
555 729 642 795 haud
665 730 800 817 proinde
823 729 1025 796 adficiuntur.

279 821 340 886 Est
362 819 472 890 uidere
496 818 580 905 apud
603 819 674 884 illos
698 829 854 905 argentea
876 842 963 905 uasa,
987 820 1103 905 legatis
1119 828 1153 884 11
1169 819 1255 905 prin·

191 909 316 996 cipibus
347 930 457 973 eorum
486 909 614 973 muneri
644 907 732 991 data,
765 931 829 973 non
857 911 892 973 in
920 908 985 974 alia
1010 909 1135 972 uilitate
1158 929 1255 993 quam

192 1021 273 1084 quae
291 999 388 1062 humo
409 995 584 1080 fingrmtur.
624 1018 818 1084 quamquam
837 1000 977 1084 proximi
997 997 1038 1062 ob
1059 1019 1153 1062 usum
1169 1020 1254 1061 com·

190 1089 385 1152 merciorum
406 1108 519 1151 aurum
536 1095 568 1150 ct
583 1096 755 1171 argentum
777 1089 811 1151 in
833 1088 940 1173 pretio
960 1086 1096 1169 habent,
1121 1085 1254 1150 formas-

191 1198 252 1262 que
277 1173 430 1262 quasdam
461 1183 589 1240 nostrae
617 1178 773 1261 pecuniae
796 1186 975 1260 agnoscunt
999 1185 1096 1261 atque
1120 1175 1253 1260 eligunt.

278 1263 454 1330 Interiores
477 1264 651 1350 simplicius
671 1273 703 1329 et
727 1266 887 1350 antiquius
910 1267 1148 1352 permutatione
1171 1287 1254 1329 mer·

191 1356 276 1419 cium
299 1362 441 1417 utrmtur.

279 1443 455 1507 Pecuniam
484 1441 622 1528 probant
650 1451 794 1506 ueterem
818 1451 850 1506 et
874 1441 928 1506 diu
957 1452 1084 1525 notam,
1115 1452 1255 1508 serratos

189 1532 390 1618 bigatosque.

279 1618 461 1706 Argentum
477 1640 604 1704 quoque
620 1621 725 1704 magis
742 1640 838 1705 quam
853 1642 967 1683 aurum
984 1629 1145 1702 secuntur,
1168 1619 1257 1685 nulla

191 1709 363 1774 affectione
386 1709 501 1792 animi,
525 1706 581 1772 sed
605 1710 681 1794 quia
704 1731 856 1773 numerus
879 1718 1108 1793 argenteorum
1132 1709 1256 1774 facilior

190 1799 262 1863 usui
287 1808 337 1863 est
359 1798 541 1884 promiscua
565 1819 603 1861 ac
625 1797 703 1862 uilia
726 1797 955 1862 mercantibus.
1004 1800 1033 1862 6.
1057 1795 1110 1862 Ns
1133 1798 1255 1862 ferrum

192 1888 322 1974 quidem
345 1895 506 1974 superest,
531 1887 614 1950 sicut
637 1909 678 1951 ex
701 1908 820 1970 genere
844 1887 982 1951 telorum
1006 1886 1174 1971 colligitur.

280 1977 358 2041 Rari
387 1975 503 2060 gladiis
534 1983 590 2039 aut
618 1974 793 2040 maioribus
820 1975 939 2040 11110111
967 1986 1113 2041 utuntur:
1145 1975 1255 2040 hastas

190 2065 243 2129 uel
271 2067 413 2152 ipsorum
444 2062 601 2129 uocabulo
633 2064 773 2130 frameas
801 2074 919 2148 gerunt
941 2075 1079 2149 angusto
1104 2074 1136 2130 11
1162 2065 1255 2130 breui

190 2155 286 2239 ferro,
305 2153 360 2219 sed
375 2156 421 2220 ita
436 2155 502 2218 acri
523 2163 556 2217 ct
576 2152 617 2217 ad
633 2176 725 2218 usum
740 2153 850 2238 habili,
873 2164 909 2218 ut
926 2152 1039 2219 eodem
1062 2155 1136 2238 telo,
1159 2164 1256 2241 prout

191 2245 273 2308 ratio
298 2245 415 2330 poscit,
440 2242 491 2307 uel
514 2243 690 2307 comminus
713 2242 766 2308 uel
788 2245 913 2307 eminus
936 2252 1090 2330 pugnent.

281 2331 324 2396 Et
357 2355 454 2418 eques
487 2331 615 2417 quidem
648 2341 738 2396 scuto
770 2331 956 2419 frameaque
988 2340 1157 2397 contentus
1189 2341 1254 2416 est3

192 2420 323 2507 pedites·
341 2432 374 2486 et
396 2420 529 2486 missilia
551 2429 708 2506 spargtmt
730 2421 886 2507 pluraque
916 2421 1050 2506 singuli,
1080 2430 1177 2507 atque
1209 2422 1255 2486 in-

192 2532 339 2574 mensum
362 2512 501 2594 uibrant,
526 2510 603 2575 nudi
622 2519 678 2575 aut
701 2511 812 2594 sagulo
835 2511 934 2575 leues.
970 2511 1057 2575 nulla
1072 2510 1174 2574 cultus
1190 2511 1253 2575 110-

191 2601 285 2683 11111;
312 2608 403 2666 scuta
424 2608 550 2664 tantum
572 2599 755 2664 lectissimis
774 2599 933 2664 coloribus
949 2598 1137 2684 distingunt.
1176 2621 1254 2685 pau·

191 2689 237 2753 cis
260 2689 391 2771 loricae,
423 2689 478 2753 uix
501 2688 554 2751 uni
578 2688 712 2753 alteriue
737 2690 835 2753 cassis
858 2698 914 2754 aut
937 2689 1039 2774 galea.
1086 2689 1169 2774 Equi
1191 2710 1256 2753 non

191 2777 312 2860 forma,
336 2800 399 2842 non
421 2776 594 2841 uelocitate
618 2779 790 2863 conspicui.

281 2863 348 2931 Sed
370 2889 430 2932 1110
453 2867 579 2930 uariare
602 2888 701 2952 gyros
724 2867 758 2930 in
780 2888 904 2930 morem
926 2877 1071 2931 nostrum
1087 2866 1254 2931 docentur:

191 2956 225 3020 111
247 2965 371 3021 rectum
391 2965 447 3020 aut
468 2977 532 3020 uno
546 2954 632 3019 flexu
649 2954 778 3020 dextros
794 2966 903 3039 agtmt,
921 2956 967 3020 ita
982 2957 1151 3020 coniuncto
1167 2954 1255 3040 orbe,

191 3053 227 3108 ut
261 3066 356 3109 nemo
388 3045 545 3130 posterior
580 3045 630 3108 sit.
683 3046 718 3109 in
749 3045 935 3108 uniuersum
967 3044 1150 3110 aestimanti
1182 3043 1255 3131 plus

190 3155 289 3220 penes
319 3132 461 3220 peditem
487 3133 625 3215 roboris3
651 3154 753 3218 eoque
775 3135 868 3197 mixti
891 3134 1100 3220 proeliantur,
1124 3143 1200 3219 apta
1223 3142 1256 3198 11

191 3231 388 3308 congruente
423 3221 464 3286 ad
499 3232 683 3308 equestrem
717 3244 859 3308 pugnam
896 3222 1067 3287 uelocitate
1099 3222 1253 3308 peditum,

191 3332 271 3396 quos
295 3334 336 3376 ex
359 3312 446 3375 omni
469 3313 635 3376 iuuentute
659 3310 799 3376 delectos
823 3319 898 3376 ante
921 3313 1023 3376 aciem
1046 3312 1163 3376 locant.

280 3398 442 3465 Definitur
462 3409 495 3465 et
516 3422 685 3465 numerus:
711 3402 838 3465 centeni
854 3398 893 3464 111
909 3401 1044 3485 singulis
1060 3401 1153 3486 pagis
1170 3408 1253 3483 sunt,

114 3505 117 3510 ·
190 3486 288 3574 idque
309 3491 414 3576 ipsum
430 3490 514 3553 inter
530 3511 602 3554 suos
625 3499 791 3574 uocantur,
816 3498 849 3553 et
872 3490 957 3575 quod
979 3491 1120 3576 primum
1142 3510 1253 3553 nume·

190 3599 245 3641 rus
268 3577 345 3662 fuit,
369 3582 434 3643 iam
457 3599 574 3643 nomen
597 3587 629 3643 et
652 3579 754 3644 honor
778 3587 835 3643 est.

279 3667 376 3732 Acies
400 3689 457 3753 per
477 3687 593 3732 cuneos
610 3669 820 3754 componitur.
856 3666 970 3732 cedere
985 3667 1065 3751 loco,
1082 3666 1255 3731 dummodo

190 3777 300 3820 rursus
323 3758 437 3842 instes,
463 3755 586 3822 consilii
609 3778 706 3842 quam
729 3755 908 3821 formidinis
930 3755 1137 3820 arbitrantur.
1177 3754 1255 3821 001·-

190 3867 271 3930 pora
300 3867 430 3911 sucrum
460 3845 556 3910 etiam
583 3846 615 3909 in
639 3843 743 3910 dubiis
765 3845 895 3932 proeliis
917 3845 1071 3912 referunt.
1118 3842 1254 3912 Scutum
