2770 4348
579 225 798 286 ..20-

153 407 227 472 dem
251 414 348 492 etque
372 405 469 469 etiam
485 404 629 468 uolucria
644 401 794 466 animalia
810 400 1000 487 plerumque
1015 402 1216 487 interlucent,

153 519 236 582 quae
259 494 426 582 implicata
447 515 558 558 amore
581 514 657 555 mox
678 489 867 555 durescente
884 493 1021 556 materia
1036 490 1216 557 cluduntur.

153 583 355 650 Fecundiora
378 585 478 668 igitur
497 604 630 647 nemora
645 581 807 667 lucosque,
833 581 914 644 sicut
930 582 1059 645 orientis
1075 584 1217 664 secretis,

153 675 209 739 ubi
229 683 305 738 tura
318 673 525 758 balsamaque
542 669 705 751 sudantur,
730 672 776 734 ita
792 669 965 734 occidentis
980 670 1089 735 insulis
1109 673 1217 735 terris-

154 787 217 851 que
232 766 336 827 inesse
348 760 548 845 crediderim,
562 783 644 846 quee
655 762 753 824 uicini
766 759 840 824 solis
852 758 951 823 radiis
963 781 1114 846 expresse
1123 770 1220 847 atque

62 893 65 904 ι
152 853 308 940 liquentia
323 854 357 917 in
372 851 554 938 proximum
570 872 659 914 marc
675 848 827 914 labuntur
842 871 880 912 ao
895 851 927 912 ui
943 857 1170 934 tempestatum
1186 851 1219 913 in

153 941 290 1008 aduersa
312 942 406 1006 litore
429 938 602 1005 exundent.
648 941 675 1004 si
697 949 845 1004 naturam
869 939 970 1002 sucini
993 939 1121 1003 admoto
1144 940 1219 1024 igne

154 1041 306 1118 temptes,
333 1033 367 1094 in
390 1028 520 1093 modum
550 1027 667 1093 taedae
695 1027 878 1092 accenditur
905 1026 1026 1113 alitque
1056 1027 1220 1093 flammam

155 1123 308 1208 pinguem
326 1129 358 1183 et
382 1119 529 1202 olentem,
554 1141 628 1182 mox
643 1127 679 1181 ut
694 1117 727 1180 in
741 1120 848 1204 picem
867 1120 1048 1182 resinamue
1062 1117 1219 1183 lentescit.

244 1208 417 1276 Suionibus
441 1206 589 1275 Sitonum
621 1215 734 1292 gentes
765 1207 1001 1273 continuentur.
1048 1216 1157 1272 cetera
1180 1209 1219 1270 si·

156 1300 247 1364 miles
270 1321 333 1363 uno
357 1297 521 1380 differunt,
552 1295 637 1384 quod
660 1298 779 1360 femina
808 1294 1004 1360 dominetur:
1039 1298 1072 1360 in
1094 1304 1221 1361 tentum

154 1412 218 1453 non
241 1389 335 1453 modo
358 1410 379 1453 a
400 1387 561 1469 libertate,
586 1385 642 1450 sed
665 1386 763 1450 etiam
786 1409 806 1450 a
828 1387 985 1450 seruitute
1008 1385 1216 1470 degenerent.

156 1478 221 1542 Hic
244 1475 378 1543 Suebiae
401 1474 483 1541 finis.

245 1568 298 1632 46.
346 1566 558 1633 Peucinorum
581 1563 866 1650 Venethorumque
897 1572 930 1628 et
953 1563 1137 1628 Fennorum
1167 1586 1221 1629 na·

156 1660 260 1721 tiones
288 1653 460 1721 Germanis
490 1677 532 1720 an
556 1653 713 1720 Sarmatis
737 1653 919 1718 adscribam
949 1653 1075 1735 dubito,
1111 1675 1220 1740 quem·

158 1768 253 1833 quam
278 1746 426 1829 Peucini,
461 1766 540 1830 quos
563 1743 694 1830 quidem
717 1742 893 1807 Bastarnas
916 1752 1045 1827 uocant,
1076 1765 1222 1808 sermone

159 1835 248 1900 cultu
271 1835 347 1900 sede
371 1857 409 1898 ac
432 1833 601 1899 domiciliis
623 1842 658 1897 ut
682 1831 838 1899 Germani
865 1840 975 1916 egunt.
1022 1830 1133 1896 sordes
1156 1855 1220 1896 om·

157 1926 246 1990 nium
274 1947 312 1988 ac
343 1934 454 2010 torpor
483 1945 654 2009 procerum
686 1921 830 1986 conubiis
860 1923 979 1985 mixtos
1002 1942 1065 1985 non
1088 1922 1166 1986 nihil
1188 1924 1222 1987 in

160 2012 382 2080 Sarmatarum
404 2013 550 2077 habitum
573 2009 712 2076 foedent.
759 2010 898 2075 Venethi
920 2011 1057 2075 multum
1073 2033 1114 2074 ex
1129 2013 1223 2075 mori-

158 2104 218 2169 bus
234 2110 411 2169 traxerunt.
440 2124 515 2166 nam
532 2099 682 2187 quicquid
699 2102 785 2165 inter
796 2099 954 2164 Peucinos
966 2100 1157 2188 Fennosque
1174 2100 1223 2165 sil-

158 2215 272 2257 uarum
291 2216 328 2257 ac
348 2192 502 2256 montium
520 2192 655 2275 erigitur
670 2191 844 2254 latrociniis
860 2198 1043 2275 pererrant:
1068 2189 1101 2253 hi
1117 2199 1224 2254 tamen

158 2284 243 2347 inter
259 2278 438 2346 Germanos
454 2282 560 2367 potius
575 2280 768 2365 referuntur,
785 2281 861 2365 quia
876 2287 908 2342 et
923 2279 1034 2343 domos
1050 2277 1177 2363 fingunt
1192 2289 1225 2344 et

159 2382 249 2437 scuta
265 2379 392 2456 gestent
408 2379 441 2435 et
464 2370 604 2456 peduum
626 2392 686 2433 usu
709 2391 747 2432 ac
762 2369 951 2455 pernicitate
967 2366 1118 2452 gaudent,
1142 2391 1225 2455 quae

160 2463 267 2527 omnia
281 2458 407 2525 diuersa
416 2456 573 2524 Sarmatis
584 2468 658 2523 sunt
672 2459 705 2522 in
716 2457 860 2546 plaustro
874 2480 1018 2544 equoque
1029 2459 1223 2526 uiuentibus.

248 2551 369 2615 Fennis
393 2550 474 2612 mira
497 2549 619 2630 feritas,
644 2546 740 2613 foeda
755 2555 941 2634 paupertas:
966 2569 1030 2611 non
1045 2570 1144 2630 erma,
1161 2569 1224 2611 non

161 2641 245 2727 equi,
270 2661 333 2702 non
356 2647 506 2725 penates:
542 2639 642 2702 uictui
665 2637 780 2720 herba,
815 2637 945 2701 uestitui
967 2636 1084 2724 pelles,
1120 2636 1225 2702 cubile
1280 2691 1284 2698 .

160 2731 292 2794 humus:
323 2728 411 2793 solae
443 2729 476 2792 in
509 2728 635 2812 sagittis
658 2749 742 2813 spes,
766 2748 845 2812 quas
869 2727 977 2812 inopia
999 2727 1077 2790 ferri
1100 2727 1224 2791 ossibus

160 2826 320 2904 asperent.
367 2816 516 2903 idemque
538 2825 674 2881 uenatus
697 2817 783 2879 uiros
805 2815 927 2902 pariter
941 2838 980 2880 ac
995 2814 1130 2880 feminas
1151 2816 1224 2899 alit3

160 2909 280 2995 passim
304 2908 388 2971 enim
414 2908 607 2971 comitantur
623 2915 813 2992 partemque
835 2905 975 2991 praedae
997 2913 1119 2990 petunt.
1166 2927 1225 2969 nec

162 2995 247 3062 aliud
269 2996 446 3061 infantibus
469 2996 609 3061 ferarum
632 2995 847 3082 imbriumque
870 2993 1053 3078 suffugium,
1078 3016 1175 3079 quam
1190 3003 1226 3058 ut

162 3089 195 3150 in
211 3085 317 3171 aliquo
333 3107 495 3150 ramorum
511 3106 596 3150 nexu
612 3094 839 3168 contegantur:
855 3083 918 3148 huc
933 3082 1069 3148 redeunt
1084 3085 1224 3168 iuuenes,

161 3177 222 3240 hoc
246 3197 358 3240 senum
380 3174 629 3261 receptaculum.
676 3173 733 3240 sed
753 3174 879 3238 beatius
899 3172 1105 3256 arbitrantur,
1129 3195 1225 3259 qnam

162 3267 328 3349 ingemere
343 3265 441 3349 agris,
462 3263 643 3329 inlaborare
659 3262 815 3345 domibus,
840 3284 913 3327 sues
928 3262 1110 3348 alienasque
1127 3261 1225 3330 fortu-

163 3378 220 3420 nes
244 3377 301 3440 spe
323 3363 473 3441 metuque
495 3376 636 3418 uersare.
683 3355 787 3418 securi
809 3351 964 3417 aduersus
993 3353 1150 3436 homines,
1179 3374 1224 3416 se·

164 3445 233 3508 curi
251 3443 404 3508 aduersus
420 3443 505 3525 deos,
529 3466 597 3508 rem
614 3441 834 3508 difficillimam
850 3440 996 3507 adsecuti
1010 3450 1098 3526 sunt,
1114 3450 1150 3505 ut
1165 3440 1226 3507 illis

163 3556 204 3597 ne
220 3541 295 3597 uoto
312 3530 441 3618 quidem
464 3555 543 3618 opus
567 3543 660 3600 esset.

254 3619 371 3687 Cetera
399 3624 464 3686 iam
491 3621 645 3686 fabulosa.
691 3620 853 3686 Hellusios
881 3629 914 3686 et
937 3621 1070 3685 Etiones
1094 3641 1151 3685 ore
1172 3617 1226 3683 ho·

164 3712 286 3777 minum
309 3710 495 3797 uoltusque,
531 3733 667 3797 corpora
696 3719 792 3796 etque
815 3721 904 3776 artus
934 3711 1075 3775 ferarum
1102 3731 1226 3794 gerere.

164 3800 249 3889 quod
273 3823 333 3886 ego
356 3811 392 3866 ut
413 3802 646 3888 incompertum
668 3803 704 3866 in
725 3798 866 3866 medium
888 3800 1076 3886 relinquam.

594 3963 803 4007 ..qoam-—
