2770 4348
578 189 790 252 ..13-

153 369 271 451 colunt,
295 366 497 451 Vangiones,
522 365 668 449 Triboci,
699 363 863 430 Nemetes.
910 386 947 430 ne
976 363 1053 429 Vbii
1078 363 1217 450 quidem,

154 477 348 543 quamquam
371 455 516 519 Romana
546 454 669 518 colonia
700 476 769 519 csse
798 456 976 519 meruerint
1006 477 1044 518 ac
1066 453 1219 518 libentius

153 546 410 632 Agrippinenses
445 541 617 608 conditoris
649 545 697 606 sui
729 545 857 608 nomine
888 551 1058 624 uocantur,
1093 545 1219 626 origine

154 635 363 717 erubescunt,
399 633 592 715 transgressi
625 632 700 697 olim
724 641 757 696 et
780 633 1000 718 experimento
1023 629 1099 697 fidei
1123 653 1219 718 super

155 726 260 810 ipsam
282 721 387 786 Rheni
410 723 514 806 ripam
538 721 704 804 conlocati,
729 730 765 785 ut
787 731 944 804 arcerent,
968 743 1033 786 non
1054 729 1090 784 ut
1113 730 1216 784 custo·
1299 745 1300 748 ¹

155 813 309 877 direntur.
1121 861 1124 864 .

173 939 197 982 4,
244 902 296 965 29.
322 897 474 964 Omnium
498 898 611 964 harum
627 901 771 983 gentium
786 900 906 963 uirtute
922 899 1087 985 praecipui
1102 898 1220 962 Bataui

153 1011 219 1054 non
240 989 377 1054 multum
409 1009 449 1052 ex
479 989 564 1074 ripa,
601 988 657 1052 sed
687 987 823 1052 insulam
847 988 951 1052 Rheni
974 989 1078 1052 amnis
1101 986 1217 1069 colunt,

155 1077 345 1144 Chattorum
369 1076 530 1162 quondam
545 1076 682 1162 populus
699 1088 732 1142 et
748 1076 903 1142 seditione
918 1077 1094 1141 domestica
1108 1079 1142 1140 in
1165 1098 1218 1140 eas

157 1167 248 1232 sedes
270 1174 501 1250 transgressus,
525 1168 558 1230 in
582 1166 696 1251 quibus
711 1188 786 1252 pars
802 1165 939 1230 Romani
955 1168 1080 1251 imperii
1095 1163 1218 1229 fierent.

154 1266 264 1320 manet
286 1255 385 1319 honos
410 1264 443 1320 et
465 1256 616 1340 antiquae
640 1255 801 1318 societatis
824 1256 966 1340 insigne3
991 1277 1065 1320 nam
1086 1277 1146 1318 nec
1162 1255 1217 1318 tri·

155 1345 241 1410 butis
265 1353 510 1408 contemnuntur
532 1366 593 1408 nec
614 1344 804 1430 publicanus
827 1345 953 1409 atterit:
979 1345 1119 1429 exempti
1143 1365 1217 1407 one·

155 1435 243 1498 ribus
267 1443 299 1498 et
322 1433 544 1498 collationibus
568 1442 600 1497 et
622 1442 749 1497 tantum
775 1435 808 1496 in
836 1456 930 1497 usum
953 1431 1148 1518 proeliorum
1172 1454 1217 1496 se·

156 1523 252 1609 positi
275 1522 363 1586 uelut
385 1523 451 1587 tela
474 1531 571 1607 atque
594 1543 685 1586 arma
707 1523 799 1587 bellis
822 1530 1035 1587 reseruantur.

244 1611 304 1674 Est
327 1612 359 1674 in
376 1611 488 1675 eodem
504 1611 658 1696 obsequio
675 1619 707 1675 et
723 1610 950 1675 Mattiacorum
966 1633 1063 1696 gens,
1087 1609 1219 1695 protulit

156 1701 242 1766 enim
265 1699 452 1784 magnitudo
480 1701 590 1785 populi
612 1699 750 1764 Romani
780 1699 865 1764 ultra
894 1699 1040 1763 Rhenum
1071 1699 1219 1784 ultraque

155 1798 282 1854 ueteres
306 1790 461 1854 terminos
476 1790 604 1874 imperii
619 1791 842 1854 reuerentiam.
888 1791 934 1853 ita
950 1788 1025 1853 sede
1040 1787 1219 1873 finibusque

158 1880 193 1942 in
216 1897 273 1942 sua
295 1880 374 1964 ripa,
399 1887 508 1943 mente
530 1881 700 1964 animoque
722 1877 889 1943 nobiscum
912 1886 1023 1962 agunt,
1048 1885 1156 1940 cetera
1179 1877 1217 1938 si·

156 1967 249 2031 miles
272 1964 421 2050 Batauis,
452 1967 513 2031 nisi
537 1967 622 2052 quod
644 1969 713 2053 ipso
737 1965 840 2032 adhuc
863 1977 969 2031 terrae
997 1988 1073 2031 suae
1097 1966 1164 2029 solo
1188 1973 1219 2029 et

155 2055 244 2120 caelo
267 2057 370 2120 acrius
393 2058 583 2121 animantur.

244 2144 319 2209 Non
341 2146 578 2211 numerauerim
602 2146 686 2208 inter
709 2142 904 2210 Germaniae
927 2145 1078 2230 populos,
1109 2165 1217 2229 quam·

157 2255 253 2319 quam
275 2243 363 2298 trans
386 2234 534 2298 Rhenum
557 2232 807 2319 Danuuiumque
834 2232 1049 2311 consederint,
1086 2253 1139 2296 eos
1164 2233 1218 2317 qui

157 2321 376 2388 Decumathes
399 2345 496 2407 agros
513 2331 678 2387 exercent:
703 2320 883 2387 leuissimus
900 2323 1033 2408 quisque
1050 2319 1219 2387 Gallorum

157 2421 190 2476 et
214 2413 321 2497 inopia
345 2412 450 2476 audax
484 2410 600 2476 dubiae
634 2413 840 2498 possessionis
875 2411 978 2475 solum
1006 2432 1218 2496 occupauere3

154 2522 232 2564 mox
254 2501 356 2565 limite
379 2511 451 2566 acto
485 2502 706 2587 promotisque
734 2500 902 2586 praesidiis
926 2501 1013 2564 sinus
1036 2500 1163 2585 imperii
1188 2507 1219 2562 et

157 2611 232 2676 pars
255 2591 440 2674 prouinciae
463 2589 631 2654 habentur.

245 2680 296 2744 30.
322 2678 416 2744 Vltra
438 2678 496 2743 hos
512 2677 621 2744 Chatti
640 2679 766 2742 initium
782 2678 866 2743 sedis
881 2679 922 2742 ab
939 2676 1119 2764 Herquinio
1135 2677 1218 2741 saltu

156 2766 322 2849 inchoant,
345 2789 409 2832 non
432 2770 477 2833 ita
501 2769 609 2832 effirsis
632 2789 670 2832 ac
692 2768 888 2853 palustribus
910 2767 1004 2849 locis,
1033 2775 1069 2830 ut
1092 2775 1218 2831 ceterae

159 2856 320 2941 ciuitates,
356 2857 390 2921 in
422 2879 501 2942 quas
524 2854 701 2922 Germania
733 2857 884 2942 patescit:
920 2854 1037 2921 durant
1060 2855 1217 2941 siquidem

156 2945 266 3029 colles,
303 2946 458 3031 paulatim
490 2955 673 3029 rarescunt,
705 2955 737 3009 et
760 2943 893 3010 Chattos
917 2967 990 3010 suos
1013 2945 1112 3009 saltus
1135 2944 1218 3008 Her-

157 3035 284 3119 quinius
306 3035 511 3120 prosequitur
540 3035 635 3099 simul
664 3043 761 3120 atque
791 3034 930 3122 deponit.
977 3033 1107 3099 duriora
1129 3036 1218 3118 genti

157 3144 302 3210 corpora,
326 3124 430 3188 stricti
452 3133 550 3208 artus,
574 3125 684 3188 minax
699 3123 803 3188 uoltus
819 3133 851 3188 et
866 3125 968 3188 maior
983 3125 1098 3188 animis
1114 3124 1216 3205 uigor.

156 3209 305 3296 Multum,
329 3220 365 3275 ut
387 3213 471 3278 inter
487 3210 679 3296 Germanos,
702 3213 833 3277 rationis
856 3235 894 3276 ac
921 3212 1099 3277 sollertiae:
1124 3234 1216 3298 prac-

156 3322 276 3387 ponere
300 3301 428 3384 electos,
453 3303 563 3367 audire
587 3303 796 3388 praepositos,
820 3323 914 3366 nosse
938 3299 1074 3383 ordines,
1098 3299 1216 3365 intelle-

157 3411 235 3473 gere
259 3391 451 3473 occasiones,
476 3390 604 3456 differre
621 3393 769 3476 impetus,
793 3389 962 3476 disponere
977 3389 1072 3475 diem,
1097 3389 1217 3454 uallare

156 3486 293 3561 noctem,
317 3477 478 3543 fortunam
500 3482 584 3545 inter
599 3478 707 3563 dubia,
730 3481 885 3544 uirtutem
901 3481 985 3543 inter
1001 3488 1090 3544 certa
1106 3500 1215 3542 unme-

155 3587 245 3650 rare,
276 3567 425 3654 quodque
455 3570 654 3633 rarissimum
676 3590 735 3633 nec
758 3569 821 3633 nisi
842 3569 1008 3633 Romanae
1031 3568 1217 3654 disciplinae

157 3676 351 3736 concessum,
375 3658 445 3744 plus
461 3678 615 3743 reponere
631 3659 664 3722 in
680 3655 759 3722 duce
775 3679 871 3743 quam
886 3659 920 3721 in
936 3659 1087 3721 exercitu.
1124 3679 1218 3721 omne

156 3742 254 3808 robur
275 3747 308 3809 in
330 3745 449 3833 pedite,
473 3767 567 3832 quem
592 3769 688 3831 super
710 3769 800 3812 arma
815 3746 1020 3811 ferramentis
1037 3767 1163 3832 quoque
1185 3756 1218 3810 et

157 3834 258 3920 copiis
281 3849 427 3901 onerant:
452 3836 530 3900 alios
553 3833 594 3899 ad
616 3835 775 3920 proelium
798 3838 845 3900 ire
867 3835 994 3919 uideas,
1020 3833 1153 3900 Chattos
1177 3833 1217 3899 ad
