2770 4348
544 197 806 261 Ι--16-

164 383 346 467 ueterisque
380 382 485 446 famae
518 382 584 446 lata
622 382 760 466 uestigia
802 391 948 466 manent,
988 392 1123 468 utraque
1157 384 1228 468 ripa

165 481 270 534 eastra
297 492 335 535 ao
366 473 483 556 spatia,
514 492 647 557 quorum
677 470 800 534 ambitu
826 493 909 534 nuno
937 491 1062 557 quoque
1085 472 1227 536 metiaris

166 561 283 624 molem
305 581 482 646 manusque
505 561 609 644 gentis
633 568 754 624 ettam
777 561 887 644 magni
910 562 1014 624 exitus
1038 558 1144 625 fidem.

252 646 523 713 Sescentesimum
546 657 579 714 et
604 647 647 712 ,X
659 647 698 713 L.
724 669 842 712 annum
865 649 942 713 urbs
964 660 1074 713 nostra
1097 649 1226 734 agebat,

165 758 237 801 oum
261 739 399 823 primum
416 735 621 802 Cimbrorum
644 737 754 802 audita
777 747 850 802 sunt
872 760 971 822 arma,
996 734 1136 802 Caecilio
1156 735 1225 802 Me·

163 825 239 891 tello
263 834 295 890 et
319 826 447 913 Papirio
471 824 618 891 Carbone
642 825 832 891 oonsulibus.
879 849 919 891 ex
942 847 1005 912 quo
1035 828 1061 891 si
1084 824 1127 891 ad
1149 826 1226 891 alte·

164 936 235 979 rum
257 916 460 1002 imperatoris
484 915 617 980 Traiani
637 915 835 979 consulatum
851 924 1080 1002 computemus,
1098 915 1228 981 ducenti

164 1003 265 1068 ferme
300 1013 332 1068 et
366 1004 477 1069 deoem
511 1006 585 1069 anni
620 1005 829 1091 colliguntur:
865 1013 932 1069 tam
967 1003 1020 1068 diu
1053 1002 1229 1070 Germania

164 1094 312 1157 uincitur.
909 1149 912 1156 ,

252 1179 360 1246 Medio
387 1192 453 1246 tam
476 1182 565 1265 longi
588 1183 660 1247 aeui
683 1183 787 1268 spatio
811 1182 913 1246 multa
934 1183 1074 1246 inuioem
1098 1181 1223 1246 damna

163 1291 226 1334 non
249 1269 391 1354 Samnis,
426 1292 490 1335 non
521 1271 633 1356 Poeni,
670 1293 736 1335 non
764 1269 942 1356 Hispaniae
970 1268 1152 1354 Galliaeue,
1185 1292 1226 1336 ne

162 1359 275 1424 Parthi
298 1356 423 1445 quidem
449 1361 576 1446 saepius
599 1359 805 1425 admonuere:
830 1361 949 1446 quippe
972 1381 1072 1443 regno
1093 1358 1226 1424 Arsacis

163 1450 267 1513 aerior
287 1457 336 1513 est
352 1445 587 1513 Germanorum
610 1448 752 1513 libertas.
800 1446 885 1527 Quid
909 1449 994 1513 enim
1017 1446 1102 1513 aliud
1121 1448 1224 1533 nobis,

166 1559 261 1623 quam
285 1535 415 1601 eaedem
439 1534 556 1622 Crassi,
580 1539 698 1602 amisso
722 1547 754 1602 et
776 1539 844 1624 ipse
867 1537 989 1602 Pacoro
1012 1537 1096 1601 infra
1112 1535 1226 1602 Venti·
1328 1545 1333 1552 '

164 1624 250 1690 dium
282 1625 423 1690 deiectus
447 1628 552 1692 oriens
576 1625 755 1692 obiecerit?
787 1635 821 1690 at
844 1623 999 1691 Germani
1022 1625 1169 1691 Carbone
1193 1635 1225 1691 et

164 1711 274 1780 Cassio
307 1723 339 1780 et
367 1713 489 1781 Scauro
513 1714 644 1780 Aurelio
676 1725 708 1780 et
738 1714 876 1781 Seruilio
899 1715 1077 1800 Caepione,
1105 1715 1225 1800 (Juque
1258 1757 1260 1762 ,

162 1801 272 1868 Mallio
296 1804 373 1868 fusis
397 1804 448 1868 uel
471 1805 571 1891 captis
596 1806 736 1890 quinque
760 1804 854 1868 simul
874 1804 1049 1868 consularis
1063 1805 1223 1870 exereitus

162 1893 279 1979 populo
303 1892 455 1975 Romano,
481 1893 603 1956 Varum
633 1894 754 1978 trisque
784 1915 856 1957 oum
887 1915 924 1957 eo
954 1894 1099 1977 legiones
1126 1893 1223 1958 etiam

162 1979 292 2046 Caesari
308 1981 523 2065 abstulerunt3
546 2004 605 2046 neo
621 1983 752 2068 impune
768 1979 803 2049 C.
821 1980 943 2046 Marius
958 1983 991 2047 in
1007 1981 1112 2066 Italia,
1130 1982 1222 2047 diuus

162 2069 261 2134 Iulius
284 2072 318 2135 in
341 2067 462 2154 Gallia,
487 2070 612 2135 Drusus
635 2093 674 2134 ao
697 2070 784 2134 Nero
809 2081 841 2136 et
863 2069 1077 2136 Germanicus
1100 2073 1133 2136 in
1157 2072 1221 2136 suis

161 2181 214 2224 eos
238 2158 364 2224 sedibus
387 2160 600 2246 perculerunt.
639 2181 715 2224 mox
734 2161 883 2245 ingentes
900 2157 935 2225 C.
954 2157 1102 2224 Caesaris
1116 2161 1224 2225 minae
1310 2181 1312 2186 ·

160 2250 193 2312 in
222 2248 395 2314 ludibrium
426 2271 548 2314 uersae.
594 2247 668 2314 inde
699 2250 813 2333 otium,
845 2250 945 2314 donee
969 2251 1135 2315 oooasione
1159 2248 1220 2314 dis·

161 2336 289 2402 cordiae
302 2348 430 2402 nostrae
447 2346 479 2403 et
495 2337 636 2402 ciuilium
657 2359 821 2402 armorum
844 2339 1037 2425 expugnatis
1061 2338 1222 2422 legionum

162 2426 303 2491 hibernis
333 2427 431 2491 etiam
455 2425 579 2493 Callias
609 2426 818 2512 affeotauere3
851 2449 889 2492 ao
920 2449 1029 2491 rursus
1052 2427 1135 2513 pulsi
1157 2429 1223 2491 iam

161 2517 315 2602 proximis
345 2516 544 2602 temporibus
572 2515 758 2603 triumphati
785 2519 890 2601 magis
920 2538 1016 2602 quarn
1039 2517 1116 2581 uioti
1139 2525 1222 2585 sunt.

249 2695 300 2758 38.
325 2690 421 2757 Nune
443 2693 483 2758 de
506 2690 619 2759 Suebis
642 2690 812 2757 dieendum
836 2702 894 2777 est,
916 2714 1051 2779 quorum
1071 2716 1134 2758 non
1149 2715 1221 2777 una,

160 2791 196 2846 ut
220 2779 408 2847 Chattorum
433 2781 718 2867 Tencterorumue,
743 2804 837 2866 gens3
861 2785 1017 2846 maiorem
1040 2784 1123 2847 enim
1140 2780 1221 2848 Ger·

161 2873 287 2936 maniae
311 2879 437 2956 partem
458 2873 614 2957 optinent,
636 2872 774 2957 propriis
797 2870 901 2937 adhue
920 2871 1100 2937 nationibus
1123 2873 1222 2937 nomi·

162 2961 319 3045 nibusque
336 2959 476 3044 disereti,
496 2982 689 3046 quamquam
707 2961 924 3025 incommune
945 2957 1042 3025 Suebi
1058 2969 1221 3025 uooentur.

247 3047 380 3133 Insigne
397 3050 502 3134 gentis
515 3049 680 3135 obliquare
692 3052 812 3114 crinem
828 3047 975 3135 nodoque
987 3049 1221 3135 substringere:

162 3139 208 3201 sio
231 3135 327 3204 Suebi
360 3161 379 3201 a
408 3138 526 3203 ceteris
550 3137 737 3221 Germanis,
771 3141 817 3203 sio
840 3137 1017 3205 Sueborum
1044 3140 1175 3223 ingenui
1203 3162 1222 3203 a

161 3229 260 3291 seruis
285 3237 483 3313 separantur.
530 3226 569 3290 In
592 3228 663 3292 aliis
687 3227 850 3312 gentibus,
875 3249 931 3293 seu
955 3229 1144 3313 cognatione
1167 3227 1223 3293 ali-

161 3337 224 3402 qua
240 3313 417 3381 Sueborum
434 3338 500 3400 seu,
518 3315 603 3402 quod
619 3319 747 3402 saepius
763 3315 890 3400 aooidit,
911 3319 1098 3401 imitatione,
1114 3339 1223 3381 rarum

163 3415 196 3470 et
218 3406 303 3469 intra
325 3407 473 3470 iuuentae
497 3405 646 3491 spatium,
663 3404 748 3492 apud
765 3403 886 3472 Suebos
901 3428 1002 3493 usque
1017 3406 1058 3471 ad
1073 3407 1223 3471 oanitiem

160 3494 342 3559 horrentem
367 3492 517 3580 eapillum
539 3504 626 3559 retro
650 3500 814 3579 seponunt,
842 3516 881 3559 ao
904 3517 1001 3583 saepe
1015 3496 1048 3559 in
1068 3496 1139 3581 ipso
1155 3496 1221 3561 solo

159 3585 282 3648 nertioe
296 3583 451 3669 religent3
476 3584 638 3668 principes
654 3592 686 3647 et
701 3592 884 3649 ornatorem
906 3584 1038 3649 habent.
1084 3606 1123 3649 ea
1147 3606 1221 3648 eura

160 3672 298 3757 formae,
323 3670 378 3738 sed
402 3673 567 3757 innoxiae3
598 3694 702 3758 neque
727 3673 813 3737 enim
835 3683 870 3738 ut
892 3681 1000 3738 ament
1023 3683 1220 3756 amenturue,

160 3761 194 3824 in
216 3759 414 3827 altitudinem
440 3758 600 3848 quandam
624 3770 656 3825 et
677 3770 834 3827 terrorem
857 3761 975 3827 adituri
997 3760 1082 3828 bella
1102 3763 1222 3849 oompti

160 3859 196 3914 ut
219 3851 356 3915 hostiurn
380 3852 479 3916 oeulis
503 3860 662 3915 ornantur.

1376 903 1377 914 l

1308 985 1314 996 .
1371 939 1377 976 Ι
