2770 4348
602 197 818 260 ,10-

176 382 270 458 gunt,
306 382 469 459 tamquam
502 376 597 438 etium
625 375 766 438 animum
789 374 911 439 firmius
935 384 966 440 et
990 376 1119 441 domum
1142 378 1239 443 latius

175 471 313 528 teneant.
360 461 495 528 heredes
518 471 627 528 tamen
650 485 911 550 successoresque
935 466 983 528 sui
1003 468 1118 552 cuique
1134 467 1237 552 liberi,

175 559 208 617 et
230 550 352 616 nullum
375 560 613 619 tastamentum.
664 549 700 618 Si
730 554 825 617 liberi
859 576 922 619 non
953 563 1042 637 sunt,
1072 558 1238 642 proximus

175 638 292 726 gradus
315 641 348 704 in
370 643 571 726 possessione
594 640 727 724 fratres,
751 643 872 728 patrui,
904 643 1061 710 auonculi.
1108 642 1237 723 Quanto

174 730 246 817 plus
269 730 537 816 propinquorum,
569 751 630 816 quo
655 732 756 794 maior
778 728 923 796 affinium
945 753 1113 819 numerus,
1145 743 1236 800 tanto

175 818 298 905 gratior
321 827 482 902 senectus3
506 841 566 883 nec
589 818 653 882 ulla
677 819 824 884 orbitatis
847 822 978 906 pretia.x

263 909 314 973 21.
338 904 507 994 Suscipere
524 917 591 972 tarn
606 909 789 973 inimicitias
805 931 862 973 seu
877 911 978 994 patris
995 932 1050 974 seu
1065 911 1238 997 propinqui

175 1017 271 1080 quam
287 997 444 1061 amicitias
460 1018 590 1063 necesse
607 1005 671 1080 est3
694 1019 754 1062 nec
766 998 974 1084 inplacabiles
990 998 1119 1064 durant:
1136 999 1236 1064 luitur

175 1087 261 1148 enim
294 1087 391 1150 etiam
421 1084 628 1150 homicidium
659 1096 745 1150 certo
773 1096 990 1152 armentorum
1017 1110 1055 1153 ac
1084 1110 1237 1174 pecorum

175 1195 305 1238 numero
328 1176 506 1260 recipitque
529 1175 778 1240 satisfactionem
801 1177 951 1241 uniuersa
971 1175 1092 1262 domus,
1116 1178 1237 1243 utiliter

173 1264 207 1326 in
229 1262 405 1349 publicum,
440 1265 515 1349 quia
545 1264 788 1350 periculosiores
820 1274 894 1330 sunt
926 1267 1111 1330 inimicitiae
1146 1269 1237 1332 iuxta

175 1351 367 1416 libertatem.

263 1439 469 1505 Oonuictibus
486 1450 518 1506 et
533 1441 678 1527 hospitiis
690 1463 754 1507 non
766 1441 830 1506 alia
841 1464 920 1526 gens
935 1442 1065 1507 effusius
1081 1442 1234 1527 indulget.

174 1526 416 1615 Quemcumque
439 1531 622 1594 mortalium
645 1552 755 1595 arcere
777 1539 863 1595 tecto
887 1530 978 1596 nefas
1001 1532 1152 1616 habetur3
1176 1555 1235 1620 pro

175 1618 303 1683 fortuna
326 1621 462 1704 quisque
485 1620 647 1705 apparatis
670 1618 771 1706 epulis
795 1621 923 1706 excipit.
971 1617 1053 1685 Cum
1077 1619 1235 1704 defecere,

175 1708 229 1793 qui
258 1706 352 1771 modo
380 1707 495 1795 hospes
530 1707 636 1772 fuerat
668 1717 862 1773 monstrator
897 1709 1026 1795 hospitii
1056 1719 1089 1774 et
1117 1732 1234 1794 comes,

176 1797 356 1882 proximam
379 1795 510 1861 domum
532 1818 596 1861 non
611 1798 738 1861 inuitati
754 1796 881 1863 adeunt.
917 1820 977 1862 nec
992 1800 1139 1864 interest:
1163 1801 1236 1886 pari

174 1883 373 1950 humanitate
395 1887 605 1972 accipiuntur.
640 1885 762 1950 Notum
784 1888 993 1973 ignotumque
1017 1897 1170 1974 quantum
1194 1888 1235 1954 ad

173 1974 222 2037 ius
245 1972 378 2060 hospitis
400 1996 494 2039 nemo
518 1975 680 2042 discernit.
726 1975 874 2060 abeunti,
908 1975 1013 2061 siquid
1044 1979 1234 2064 poposcerit,

178 2062 354 2128 concedere
385 2065 497 2148 moris,
533 2074 565 2128 et
593 2063 744 2150 poscendi
776 2066 913 2129 inuicem
945 2065 1057 2130 eadem
1090 2066 1235 2133 facilitas.

176 2149 328 2217 Gaudent
351 2153 546 2236 muneribus,
572 2153 628 2218 sed
650 2175 710 2218 nec
734 2152 810 2218 data
832 2155 991 2239 imputant
1014 2177 1073 2219 nec
1096 2157 1236 2242 acceptis

176 2240 367 2324 obligantur.

264 2327 388 2416 [Victus
416 2331 500 2395 inter
523 2330 581 2395 hos
603 2332 664 2396 ites
687 2328 809 2417 comis]
856 2333 908 2395 22.
941 2335 1048 2396 statim
1073 2355 1091 2398 e
1114 2354 1234 2417 somno,

176 2440 270 2504 quem
300 2419 487 2505 plerumque
515 2421 548 2484 iu
576 2353 661 2484 diem
694 2420 881 2501 extrahunt,¹
913 2421 1075 2504 lauantur,
1109 2423 1235 2508 saepius

175 2506 291 2590 calida,
327 2518 363 2572 ut
395 2507 481 2594 apud
513 2530 591 2594 quos
614 2509 787 2595 plurimum
819 2507 920 2574 hiems
948 2520 1093 2597 occupat.
1139 2508 1236 2575 Lauti

175 2595 281 2661 cibum
315 2599 458 2683 capiunt:
492 2606 659 2684 separatae
694 2598 827 2682 singulis
844 2593 846 2600 ’
861 2597 952 2662 sedes
980 2609 1012 2664 et
1042 2621 1099 2664 sua
1122 2602 1236 2686 cuique

173 2707 293 2750 mensa.
341 2686 425 2750 Tum
455 2685 495 2752 ad
523 2688 655 2771 negotia
688 2709 747 2751 nec
776 2688 887 2752 minus·
905 2709 1002 2773 saepe
1025 2687 1065 2754 ad
1090 2691 1237 2753 conuiuia

174 2775 352 2860 procedunt
375 2777 499 2840 armati.
546 2776 644 2840 Diem
666 2785 857 2862 noctemque
881 2779 1068 2842 continuare
1096 2776 1235 2862 potando

175 2862 252 2928 nulli
276 2865 437 2950 probrum.
485 2863 640 2950 Crebrae,
665 2873 700 2928 ut
724 2867 808 2930 inter
831 2866 1026 2950 uinulentos,
1050 2868 1139 2930 rixae
1162 2889 1235 2931 raro

176 2954 337 3036 conuiciis,
363 2955 488 3039 saepius
512 2954 608 3018 caede
631 2961 663 3018 et
685 2955 870 3019 uulneribus
894 2957 1122 3040 transiguntur.

263 3038 329 3107 Sed
352 3052 385 3107 et
408 3041 448 3106 de
471 3042 712 3107 reconciliandis
736 3044 873 3109 inuicem
897 3045 1033 3108 inimicis
1056 3054 1087 3109 et
1102 3045 1235 3128 iungen-

174 3127 221 3195 dis
245 3130 452 3196 affinitatibus
476 3139 507 3195 et
531 3130 745 3197 adsciscendis
761 3133 968 3219 principibus,
994 3133 1033 3198 dc
1052 3154 1132 3220 pace
1148 3132 1235 3198 deni·

175 3241 236 3304 que
259 3242 297 3284 ac
319 3219 403 3285 bello
427 3220 616 3307 plerumque
632 3223 664 3285 in
685 3223 840 3286 conuiuiis
857 3223 1047 3306 consultant,
1071 3231 1235 3307 tamquam

173 3307 259 3372 nullo
283 3311 387 3394 magis
410 3317 555 3395 tempore
577 3318 632 3374 aut
656 3310 697 3374 ad
720 3310 879 3395 simplices
900 3312 1110 3397 cogitationes
1125 3320 1235 3396 pateat

174 3398 296 3462 animus
320 3398 438 3463 autad
461 3420 596 3483 magnas
618 3399 800 3464 incalescat.

265 3483 355 3551 Gens
385 3508 449 3552 non
479 3497 584 3552 astuta
613 3509 672 3552 nec
705 3486 818 3553 callida
849 3491 952 3575 aperit
984 3486 1087 3552 adhuc
1115 3498 1235 3552 secreta

174 3577 312 3661 pectoris
334 3577 464 3641 licentia
486 3578 557 3644 ioci.
588 3576 677 3662 Ergo
694 3577 819 3641 detecta
836 3587 868 3641 et
883 3576 968 3642 nuda
988 3579 1129 3641 omnium
1145 3598 1234 3641 mens

173 3673 301 3750 postera
324 3664 376 3730 die
399 3674 602 3745 retractatur,
627 3674 658 3729 et
682 3666 770 3730 salua
793 3668 958 3752 utriusque
981 3668 1136 3751 temporis
1152 3667 1234 3730 ratio

174 3761 237 3817 est:
263 3752 455 3839 deliberant,
480 3753 556 3818 dum
579 3753 702 3838 fingere
725 3757 888 3839 nesciunt,
913 3756 1123 3837 constituunt,
1158 3755 1234 3820 dum

175 3863 281 3907 errare
303 3865 367 3907 non
390 3852 532 3930 possunt.
