2770 4348
573 184 793 248 „15-

243 365 295 430 34.
328 363 539 448 Angriuarios
575 370 607 426 et
643 338 824 425 Chamauos
859 383 877 424 a
911 369 1004 444 tergo
1039 356 1216 441 Dulgubnii

152 449 370 538 (Dulcubimi,
394 451 594 535 Dulcubuni,
619 449 798 534 Dulgibini)
826 458 861 522 et
890 446 1060 513 Chasuarii
1086 445 1216 530 cludunt
1260 441 1262 444 ’

152 543 299 628 aliaeque
330 549 442 626 gentes
465 539 543 604 baut
565 537 698 625 perinde
721 546 932 620 memoratae,
961 560 981 601 a
1003 538 1108 601 fronte
1131 537 1216 600 Frisi

152 633 326 717 excipiunt.
372 627 546 694 maioribus
570 627 808 713 minoribusque
827 627 928 691 Frisis
951 625 1141 698 uocabulum
1166 633 1216 689 est

153 743 194 786 cx
224 719 317 783 modo
344 720 470 783 uirium.
516 729 669 802 utraeque
691 718 837 781 nationes
860 737 962 802 usque
985 715 1026 779 ad
1050 712 1216 780 Oceanum

151 809 265 874 Rheno
294 815 525 894 praetexuntur
551 806 761 892 ambiuntque
789 808 951 870 inmensos
974 806 1107 889 insuper
1127 805 1215 891 lacus

153 909 187 962 et
210 898 362 962 Romanis
386 896 540 961 classibus
562 897 742 979 nauigatos.
788 896 894 981 ipsum
918 895 994 979 quin
1017 894 1114 958 etiam
1134 889 1215 958 Oce.-

154 1008 250 1052 anum
274 987 328 1067 illa
351 987 595 1070 temptauimus3
622 993 655 1049 et
679 1005 844 1070 superesse
867 981 971 1047 adbuc
993 981 1145 1046 Herculis
1165 990 1215 1045 coss
1246 1012 1248 1018 ·

151 1075 276 1140 lumnas
299 1076 386 1140 fama
409 1073 566 1158 uolgauit,
591 1075 659 1137 sius
687 1072 765 1138 adiit
787 1071 961 1156 Hercules,
986 1093 1043 1136 seu
1066 1067 1216 1156 quicquid

151 1164 270 1250 ubique
302 1162 509 1249 magnificum
540 1171 613 1246 est,
633 1164 666 1226 in
697 1160 876 1226 claritatem
907 1162 974 1225 eius
997 1161 1119 1234 referre
1142 1180 1214 1223 con-

152 1255 317 1318 sensimus.
365 1274 425 1316 neo
459 1252 561 1316 defuit
591 1250 742 1316 audentia
773 1251 879 1315 Druso
913 1247 1123 1319 Germanico:
1158 1246 1216 1311 scd

153 1342 285 1407 obstitit
302 1340 450 1408 Oceanus
481 1343 514 1405 in
537 1363 571 1405 se
595 1342 811 1426 simulatque
834 1341 868 1421 in
890 1337 1065 1402 Herculem
1088 1337 1215 1422 inquiri.

153 1454 228 1496 mox
257 1453 350 1495 nemo
379 1431 566 1516 temptauit,
598 1431 802 1515 sanctiusque
830 1451 868 1492 ac
890 1428 1090 1492 reuerentius
1114 1419 1224 1489 uisum

82 1531 87 1540 '
153 1519 191 1585 de
215 1522 296 1585 actis
320 1519 451 1584 deorum
474 1517 604 1584 credere
627 1541 723 1604 quam
748 1520 858 1583 scire.-

241 1611 293 1676 35.
325 1608 491 1674 Hactenus
521 1609 554 1671 in
587 1605 787 1674 occidentem
817 1604 1026 1672 Germaniam
1058 1604 1214 1667 nouimus.

151 1700 185 1762 in
217 1699 467 1784 septentrionem
497 1698 621 1782 ingenti
650 1695 736 1761 flexu
765 1696 858 1762 redit.
904 1718 942 1760 ac
974 1695 1077 1780 primo
1108 1694 1217 1769 statim

152 1786 355 1852 Chaucorum
379 1807 467 1871 gens,
493 1807 687 1872 quamquam
711 1787 844 1871 incipiat
865 1805 886 1848 a
907 1785 1009 1848 Frisis
1032 1805 1070 1846 ac
1093 1791 1217 1867 partem

150 1877 253 1941 litoris
272 1885 421 1962 occupet,
446 1877 596 1958 omnium,
621 1897 700 1960 quas
724 1875 868 1960 exposui,
893 1874 1038 1959 gentium
1062 1871 1217 1936 lateribus

90 2033 97 2044 ,
153 1964 364 2049 obtenditur,
386 1963 487 2029 donec
519 1967 552 2028 in
576 1961 709 2027 Chattos
738 1985 840 2049 usque
863 1963 1018 2028 sinuetur.
1066 1958 1149 2023 Tam
1171 1961 1217 2022 in·

151 2076 298 2120 mensum
320 2063 479 2118 terrarum
504 2054 643 2140 spatium
662 2075 726 2116 non
744 2059 854 2117 tenent
869 2059 994 2115 tantum
1012 2048 1143 2130 Chauci,
1161 2047 1218 2112 sed

66 2172 70 2180 ·
153 2152 185 2208 et
207 2144 352 2228 implent,
375 2143 512 2229 populus
535 2143 618 2206 inter
642 2139 823 2207 Germanos
846 2139 1076 2222 nobilissimus,
1101 2139 1218 2223 quique

152 2230 407 2316 magnitudinem
431 2254 522 2296 suam
544 2230 635 2296 malit
652 2231 774 2295 iustitia
797 2231 890 2294 tueri.
939 2230 1007 2293 sine
1031 2226 1216 2312 cupiditate,

153 2323 221 2385 sine
249 2323 439 2407 inpotentia,
474 2321 574 2406 quieti
607 2321 785 2406 secretique
813 2319 900 2383 nulla
923 2325 1099 2404 prouocant
1123 2315 1216 2400 bella,

152 2409 246 2474 nullis
269 2410 414 2495 raptibus
437 2425 492 2474 aut
514 2410 690 2474 latrociniis
712 2408 915 2495 populantur.
955 2405 994 2469 Id
1010 2407 1218 2492 praecipuum

152 2500 279 2563 uirtutis
302 2521 340 2563 ac
363 2500 478 2564 uirium
503 2507 731 2583 argumentum
753 2507 815 2580 est,
850 2494 949 2583 quod,
977 2505 1013 2559 ut
1037 2495 1217 2579 superiores

153 2597 262 2673 agant,
287 2610 350 2654 non
372 2611 431 2675 per
453 2589 584 2652 iniurias
599 2586 835 2673 adsequuntur3
859 2595 1010 2671 prompta
1025 2592 1134 2648 tamen
1151 2605 1214 2646 om·

152 2677 246 2742 nibus
270 2699 360 2741 arma
384 2700 438 2761 ao,
463 2678 490 2741 si
513 2700 564 2742 res
587 2685 714 2761 poscat,
740 2676 916 2758 exercitus3
940 2674 1114 2760 plurimum
1136 2673 1219 2736 uiro·

153 2789 224 2830 rum
249 2787 483 2852 equorumque,
508 2775 541 2830 ct
564 2765 802 2851 quiescentibus
826 2765 937 2829 eadem
959 2763 1055 2827 fama.

242 2857 293 2920 36.
330 2855 370 2918 In
403 2854 504 2919 latere
538 2852 741 2920 Chaucorum
774 2852 1028 2938 Chattorumque
1064 2848 1218 2914 Cherusci

152 2944 284 3008 nimiam
317 2966 355 3008 ac
386 2952 584 3009 marcentem
607 2942 662 3007 diu
684 2965 796 3030 pacem
821 2942 997 3006 inlacessiti
1019 2941 1217 3004 nutrierunt:

152 3031 248 3118 idque
272 3031 439 3097 iucundius
463 3055 558 3120 quam
582 3035 682 3097 tutius
704 3033 773 3112 fuit,
798 3033 873 3117 quia
887 3033 971 3095 inter
986 3029 1172 3116 impotentis
1188 3036 1220 3092 et

153 3120 274 3186 ualidos
297 3121 377 3186 falso
401 3122 561 3208 quiescas:
586 3121 642 3186 ubi
663 3143 761 3186 manu
781 3123 898 3204 agitur,
920 3119 1078 3184 modestia
1093 3139 1131 3182 ac
1146 3139 1217 3202 pro·

153 3209 239 3275 bitae
270 3212 400 3275 nomine
431 3213 609 3298 superiores
638 3218 720 3275 sunt.
767 3212 812 3274 ita
836 3211 890 3295 qui
914 3208 989 3273 olim
1012 3209 1088 3272 boni
1112 3207 1218 3291 acqui·

154 3321 216 3385 que
247 3297 414 3384 Cherusci,
447 3323 532 3366 nunc
562 3301 681 3365 inertes
713 3322 751 3364 ac
775 3297 863 3363 stulti
886 3307 1058 3363 uocantur:
1094 3293 1219 3360 Chattis

154 3389 328 3453 uictoribus
352 3388 481 3454 fortuna
503 3391 536 3454 in
560 3389 747 3475 sapientiam
773 3389 879 3452 cessit.

243 3475 355 3544 Tracti
377 3479 470 3542 ruina
488 3477 724 3544 Cheruscorum
747 3487 779 3541 ct
794 3476 880 3560 Fosi,
906 3477 1103 3541 contermina
1127 3493 1217 3556 gens,

153 3565 362 3631 aduersarum
385 3588 493 3631 rerum
517 3590 557 3632 ex
580 3588 682 3653 aequo
707 3567 784 3632 socii
807 3576 893 3651 sunt,
919 3587 991 3630 cum
1014 3567 1047 3628 in
1070 3560 1218 3627 secundis

153 3655 293 3719 minores
316 3656 459 3720 fuissent.

243 3744 294 3809 37.
334 3744 483 3810 Eundem
521 3740 715 3808 Germaniae
760 3746 863 3808 sinum
908 3744 1046 3828 proximi
1086 3738 1217 3806 Oceano

155 3829 276 3897 Cimbri
311 3842 436 3920 tenent,
472 3855 574 3920 parua
607 3855 691 3897 nunc
722 3833 849 3915 ciuitas,
881 3831 936 3897 sed
967 3832 1069 3917 gloria
1092 3832 1215 3913 ingens.
