2770 4348
589 194 785 258 -9-

153 381 251 456 atque
283 371 421 434 inuicem
454 371 524 457 ipsa
553 391 716 434 armorum
746 368 866 455 aliquid
889 371 959 434 uiro
982 369 1097 435 adfert.
1144 370 1217 436 Hoc

153 461 332 524 maximum
354 459 529 534 uinculum,
561 458 641 522 haec
669 481 788 524 arcana
815 481 921 542 sacra,
952 459 1010 524 hos
1034 459 1217 543 coniugales

154 548 231 614 deos
254 547 461 617 arbitrantur.
507 544 559 611 Ne
590 569 625 612 se
652 549 766 612 mulier
798 557 891 612 extra
919 549 1074 615 uirtutum
1098 551 1217 633 eogita-

153 639 257 702 tiones
289 645 445 722 extraque
471 635 626 701 bellorum
655 658 747 702 casus
780 645 888 723 putet,
921 638 1000 723 ipsis
1033 638 1216 724 incipientis

153 726 350 790 matrimonii
372 726 522 811 auspiciis
545 724 746 809 admonetur,
770 728 882 791 uenire
906 748 939 790 se
962 727 1108 791 laborum
1131 729 1214 813 peri·

154 815 361 900 colorumque
385 815 514 898 sociam,
537 815 624 880 idem
646 816 679 879 in
701 837 791 901 pace,
815 814 902 881 idem
917 818 951 880 in
965 816 1086 902 proelio
1106 838 1216 902 passu-

153 927 224 968 ram
247 924 476 988 ausuramque:
512 901 573 968 hoc
596 905 696 968 iuncti
719 904 834 988 boues,
866 904 926 969 hoc
949 913 1079 990 paratus
1104 927 1214 991 equus,

154 992 216 1057 hcc
238 991 313 1058 data
336 1013 427 1058 arma
442 991 641 1057 denuntiant.
681 994 727 1057 sic
742 992 925 1075 uiuendum,
949 994 995 1057 sic
1011 992 1213 1079 pariendum:

154 1082 300 1168 accipere
323 1103 357 1145 se
380 1102 463 1166 quae
485 1081 595 1146 liberis
618 1082 773 1146 inuiolata
795 1105 833 1147 ac
856 1080 954 1166 digna
976 1081 1099 1163 reddat,
1132 1105 1215 1169 quae

153 1192 251 1235 nurus
289 1171 447 1256 accipiant
484 1192 594 1236 rursus
601 1221 610 1253 ,
657 1193 740 1257 quae
777 1169 817 1234 ad
854 1180 986 1257 nepotes
1024 1171 1212 1237 referantur.

156 1261 206 1324 19.
230 1258 319 1343 Ergo
354 1269 467 1344 saepta
497 1258 653 1346 pudicitia
684 1268 799 1345 agunt,
834 1259 928 1324 nullis
960 1262 1214 1347 spectaculorum

153 1347 328 1431 illecebris,
368 1347 462 1412 nullis
501 1350 721 1413 conuiuiorum
762 1348 994 1414 irritationibus
1032 1359 1213 1436 corruptae.

155 1435 355 1501 Litterarum
378 1446 503 1503 secreta
525 1437 586 1502 uiri
609 1439 793 1523 pariterue
816 1438 956 1504 feminae
978 1441 1137 1523 ignorant.

242 1524 440 1592 Paucissima
458 1528 492 1590 in
507 1536 573 1590 tam
590 1548 761 1590 numerosa
776 1536 874 1610 gente
889 1526 1055 1610 adulteria,
1079 1549 1213 1613 quorum

153 1636 256 1700 poena
278 1637 429 1700 praesens
453 1624 485 1680 et
500 1616 623 1679 maritis
639 1617 808 1700 permissa:
833 1616 965 1682 abscisis
981 1616 1131 1700 crinibus,
1155 1635 1212 1680 nu·

153 1701 276 1787 datam,
310 1725 418 1768 coram
449 1705 637 1790 propinquis
665 1704 795 1791 expellit
823 1702 916 1769 domo
940 1707 1072 1770 maritus
1095 1728 1134 1770 ac
1156 1727 1214 1791 per

153 1813 279 1857 omnem
303 1794 409 1858 uicum
431 1792 566 1858 uerbere
588 1795 666 1879 agit.
714 1792 900 1859 Publicatae
930 1795 1013 1858 enim
1042 1795 1214 1881 pudicitiae

151 1879 239 1944 nulla
260 1883 370 1946 uenia:
394 1903 458 1946 non
480 1881 593 1967 forma,
617 1904 681 1946 non
703 1890 819 1964 aetate,
842 1904 905 1947 non
928 1884 1041 1969 opibus
1062 1885 1213 1949 maritum

152 1971 320 2035 inuenerit.
367 1970 472 2036 Nemo
501 1973 585 2036 enim
607 1971 672 2035 illic
694 1973 774 2036 uitia
796 1971 893 2054 ridet,
925 1994 986 2036 nec
1008 1994 1213 2059 corrumpere

153 2067 184 2124 et
208 2060 369 2145 eorrumpi
392 2058 554 2124 saeculum
579 2072 720 2125 uocatur.
753 2057 868 2124 Melius
892 2060 1021 2146 quidem
1036 2062 1140 2127 adhuc
1156 2083 1212 2126 eae

152 2148 315 2233 ciuitates,
347 2150 380 2212 in
404 2149 519 2234 quibus
541 2157 667 2213 tantum
691 2151 833 2233 uirgines
856 2151 979 2215 nubunt
1003 2159 1035 2214 et
1058 2173 1131 2215 cum
1154 2173 1212 2236 spe

151 2245 289 2323 uotoque
321 2239 429 2301 uxoris
461 2237 560 2302 semel
594 2239 791 2321 transigitur.
838 2235 893 2304 Sic
925 2260 1023 2303 unum
1052 2241 1213 2326 accipiunt

152 2328 304 2390 maritum
327 2325 485 2412 quomodo
508 2349 607 2390 unum
632 2349 747 2413 corpus
770 2349 930 2413 unamque
953 2329 1062 2414 uitam,
1086 2351 1126 2393 ne
1150 2327 1214 2392 ulla

151 2417 305 2499 cogitatio
320 2416 414 2497 ultra,
431 2437 471 2480 ne
487 2414 612 2500 longior
627 2414 795 2503 cupiditas,
813 2439 854 2482 ne
870 2426 1035 2502 tamquam
1051 2420 1211 2502 maritum,

152 2503 208 2568 sed
231 2514 396 2589 tamquam
419 2506 656 2570 matrimonium
671 2514 789 2570 ament.

241 2592 419 2657 Numerum
434 2594 608 2658 liberorum
624 2594 716 2658 finire
731 2603 785 2658 aut
802 2615 995 2680 quemquam
1011 2617 1052 2660 ex
1067 2593 1215 2680 adgnatis

153 2703 269 2747 necare
291 2681 449 2766 flagitium
472 2680 618 2767 habetur,
642 2684 776 2770 plusque
799 2684 845 2747 ibi
867 2683 943 2748 boni
966 2706 1071 2749 mores
1095 2683 1213 2769 ualent,

152 2793 248 2856 quam
272 2770 348 2835 alibi
371 2771 473 2835 bonae
496 2770 593 2856 leges.
641 2775 693 2839 20.
718 2772 757 2837 In
781 2774 868 2836 omni
883 2771 978 2837 domo
993 2770 1070 2838 nudi
1086 2794 1124 2838 ac
1148 2795 1212 2838 sor·

150 2858 216 2924 didi
238 2862 271 2924 in
294 2859 352 2924 hos
374 2868 472 2944 artus,
497 2861 529 2924 in
550 2860 630 2925 haec
646 2883 790 2947 corpora,
814 2883 896 2947 quae
913 2863 1076 2943 miramur,
1101 2885 1211 2927 excre-

150 2959 250 3012 scunt.
298 2969 356 3013 sua
379 2970 539 3034 quemque
561 2960 665 3015 mater
687 2951 840 3015 uberibus
863 2951 929 3034 alit,
953 2972 1013 3016 nec
1036 2951 1158 3016 ancillis
1173 2974 1212 3016 ac

150 3037 328 3102 nutricibus
351 3037 548 3122 delegantur.
595 3037 772 3104 Dominum
800 3062 838 3104 ao
865 3062 994 3104 seruum
1017 3039 1112 3104 nullis
1135 3038 1210 3105 edu·

151 3127 284 3191 cationis
308 3124 428 3190 deliciis
452 3125 615 3192 dinoscas:
650 3130 734 3193 inter
757 3128 869 3192 eadem
894 3151 1019 3214 pecora,
1044 3127 1212 3194 incudem

150 3215 246 3280 humo
285 3215 420 3300 degunt,
464 3216 564 3281 donec
606 3226 696 3281 aetas
735 3226 863 3302 separet
901 3219 1072 3302 ingenuos,
1108 3219 1210 3282 uirtus

148 3313 312 3388 agnoscat.
338 3301 420 3369 Sera
432 3305 582 3370 iuuenum
595 3328 707 3387 uenus,
725 3327 826 3391 eoque
843 3306 1033 3370 inexhausta
1048 3306 1209 3392 pubertas.

149 3392 219 3456 Nec
242 3394 382 3477 uirgines
405 3391 604 3458 festinantur.
652 3395 763 3460 eadem
787 3396 934 3478 iuuenta,
966 3395 1077 3460 similis
1100 3418 1208 3482 proce-

149 3483 243 3564 ritas3
275 3504 369 3567 pares
397 3482 587 3569 ualidaeque
615 3484 804 3567 miscentur3
837 3507 875 3548 ac
902 3483 1018 3548 robora
1041 3494 1208 3570 parentum

149 3571 242 3635 liberi
264 3571 415 3636 referunt.

238 3656 391 3724 Sororum
414 3656 487 3722 filiis
509 3658 594 3725 idem
617 3659 703 3746 apud
726 3662 919 3726 auunculum
943 3663 998 3746 qui
1020 3660 1061 3725 ad
1084 3671 1209 3747 patrem

148 3746 258 3812 honor.
290 3744 428 3824 Quidam
452 3749 644 3814 sanctiorem
667 3751 881 3836 artioremque
904 3749 988 3814 huno
1003 3772 1121 3815 nexum
1137 3773 1208 3816 san-

149 3837 255 3921 guinis
278 3835 474 3901 arbitrantur
496 3846 528 3901 et
551 3839 583 3900 in
607 3839 801 3923 accipiendis
824 3837 987 3904 obsidibus
1015 3841 1118 3923 magis
1142 3843 1207 3904 exi·
