2770 4348
575 204 771 266 ,4-

140 381 306 466 reliquisse
328 382 537 466 praecipuum
560 379 728 464 flagitium,
752 403 812 446 nec
833 389 888 444 aut
904 382 1003 446 saeris
1020 381 1131 447 adesse
1146 392 1202 447 aut

141 469 310 535 concilium
345 470 426 533 inire
464 470 675 554 ignominioso
714 469 780 552 fas;
819 470 976 555 multique
1015 473 1201 558 superstites

140 559 298 625 bellorum
321 559 487 623 infamiam
509 557 626 643 laqueo
648 558 808 622 finierunt.

231 649 259 713 7.
283 648 390 732 Reges
423 669 463 712 ex
496 645 680 729 nobilitate,
711 646 809 713 duces
840 670 881 711 ex
909 648 1029 712 uirtute
1062 659 1199 713 sumunt.

140 759 200 801 nec
223 737 354 820 regibus
377 735 501 801 infinita
523 758 561 800 ac
585 736 688 801 libera
710 745 865 822 potestas,
890 745 923 800 et
943 737 1039 802 duces
1056 737 1202 825 exemplo

140 827 359 912 potiusquam
382 826 528 912 imperio,
553 826 580 889 si
602 826 753 911 prompti,
770 847 808 888 ac
825 827 851 889 si
867 827 1029 913 conspicui
1054 823 1103 914 [si]
1127 837 1203 893 ante

139 916 241 980 aciem
265 923 380 1000 agant,
404 914 617 980 admiratione
662 923 800 979 raesunt.

230 1001 383 1068 Ceterum
405 1025 509 1089 neque
529 937 785 1068 animaduertere
800 1024 906 1088 nequo
921 1004 1053 1088 uincire,
1077 1025 1118 1067 ne
1133 1026 1203 1070 uer-

139 1092 253 1158 berare
270 1092 399 1178 quidem
417 1093 479 1157 nisi
502 1092 720 1157 sacerdotibus
743 1094 949 1178 permissum,
972 1114 1037 1157 non
1055 1094 1147 1178 quasi
1170 1095 1204 1158 in

139 1203 277 1268 poenam
299 1203 359 1245 nec
382 1180 474 1245 ducis
494 1182 597 1265 iussu,
622 1181 677 1246 sed
700 1181 788 1246 uelut
811 1181 871 1246 deo
893 1182 1081 1267 imperante,
1106 1203 1204 1267 quem

141 1268 254 1336 adesse
277 1269 470 1335 bellantibus
494 1270 637 1335 credunt.
673 1269 872 1356 Effigiesquc
888 1279 920 1334 et
935 1271 1030 1356 signa
1045 1269 1203 1356 quaedam

144 1359 291 1424 detracta
312 1359 393 1424 lucis
416 1360 448 1423 in
471 1359 627 1446 proelium
652 1359 768 1424 ferunt.
815 1357 972 1445 Quodque
995 1361 1203 1446 praecipuum

140 1447 339 1513 fortitudinis
361 1450 604 1513 incitamentum
626 1457 684 1532 est,
708 1470 772 1512 non
788 1470 880 1513 casus
895 1471 955 1513 nec
978 1448 1109 1514 fortuita
1128 1471 1202 1514 con-

140 1537 283 1622 globatio
313 1547 454 1601 turmam
476 1546 533 1602 aut
556 1559 692 1602 cuneum
714 1537 806 1619 facit,
834 1535 890 1601 sed
913 1536 1054 1603 familiae
1077 1548 1109 1603 et
1131 1559 1203 1624 pro·

140 1627 337 1713 pinquitates
361 1636 393 1690 et
416 1628 449 1690 in
471 1629 619 1712 proximo
642 1628 788 1713 pignora,
812 1626 897 1691 unde
919 1626 1111 1691 feminarum
1133 1627 1201 1690 ulu-

139 1716 222 1780 latus
245 1716 373 1781 auditur
396 1715 513 1798 (audiri
537 1712 651 1802 codd),
675 1715 759 1779 unde
781 1715 909 1798 uagitus
933 1715 1111 1781 infantium.
1157 1715 1204 1780 Hi

140 1806 255 1890 cuique
278 1806 469 1869 sanctissimi
491 1812 604 1887 testes,
629 1803 662 1867 hi
685 1804 817 1867 maximi
844 1802 1040 1869 laudatores:
1070 1804 1111 1870 ad
1135 1827 1202 1870 ma-

140 1902 220 1976 tres,
251 1892 293 1957 ad
316 1895 468 1978 coniuges
492 1893 624 1959 uolnera
646 1891 767 1976 ferunt3
797 1915 858 1956 neo
880 1892 955 1958 illae
976 1916 1146 1959 numerare
1170 1903 1202 1958 et

140 1984 271 2067 exigere
301 1983 415 2068 plagas
438 1991 571 2069 pauent,
600 1981 752 2066 cibosque
775 1988 807 2045 et
830 1982 1011 2046 hortamina
1033 1983 1202 2070 pugnanti-

139 2071 199 2136 bus
246 2080 361 2136 estant.

223 2093 259 2227 g8.
284 2159 461 2224 Memoriae
488 2158 635 2245 proditur
659 2157 815 2244 quasdam
837 2159 923 2223 acies
946 2159 1115 2225 inclinatas
1136 2163 1202 2225 iam

140 2257 173 2314 et
195 2248 340 2313 labantes
364 2272 384 2314 a
406 2248 534 2313 feminis
556 2249 721 2312 restitutas
744 2250 924 2313 constantia
946 2271 1079 2335 precum
1098 2259 1132 2315 et
1147 2249 1201 2314 ob·

138 2339 224 2402 iectu
247 2348 414 2424 pectorum
438 2346 470 2402 et
492 2345 669 2401 monstrata
692 2337 869 2402 comminus
886 2339 1083 2425 captiuitate,
1105 2360 1202 2424 quam

139 2427 235 2512 longe
258 2428 465 2513 inpatientius
489 2425 681 2490 feminarum
696 2447 825 2490 suarum
841 2429 968 2493 nomine
984 2429 1104 2512 timent,
1122 2427 1202 2493 adeo

139 2525 176 2580 ut
199 2515 360 2581 efficacius
384 2515 564 2600 obligentur
587 2515 686 2579 animi
710 2515 886 2599 ciuitatum,
912 2515 1026 2601 quibus
1048 2518 1133 2581 inter
1149 2516 1202 2580 ob-

141 2604 224 2671 sides
248 2605 373 2692 puellae
397 2626 523 2690 quoque
546 2603 669 2668 nobiles
690 2604 898 2689 imperantur.

228 2693 339 2760 Inesse
364 2696 441 2779 quin
464 2694 560 2757 etiam
587 2701 732 2757 sanctum
755 2691 875 2778 aliquid
898 2702 931 2758 et
953 2692 1124 2779 prouidum
1146 2715 1202 2780 pu·

139 2793 223 2864 tant,
254 2806 314 2848 nec
345 2792 402 2848 aut
432 2782 562 2847 consilia
592 2803 703 2846 earum
732 2791 943 2868 aspernantur
970 2792 1025 2846 aut
1048 2805 1202 2870 responsa

138 2873 325 2958 neglegunt.
371 2870 520 2936 Vidimus
544 2871 604 2935 sub
626 2871 700 2935 diuo
717 2869 916 2957 Vespasiano
932 2870 1123 2956 Vslaedam,
1148 2871 1203 2936 diu

139 2962 224 3050 apud
254 2962 421 3048 plerosque
452 2961 590 3024 numinis
620 2959 691 3024 loco
717 2958 876 3044 habitam3
907 2957 964 3024 scd
988 2969 1020 3024 et
1048 2961 1122 3026 olim
1145 2959 1201 3026 Al·

138 3053 275 3118 brunam
305 3048 504 3136 (albriniam‚
535 3049 693 3114 auriniam
722 3046 826 3134 codd.)
857 3058 889 3112 et
915 3050 1087 3136 compluris
1122 3049 1201 3114 alias

142 3141 288 3206 uenerati
312 3149 395 3224 sunt,
419 3160 482 3203 non
498 3136 681 3202 adulatione
697 3159 756 3202 nec
775 3146 941 3224 tamquam
956 3137 1099 3204 facerent
1114 3136 1200 3203 deas.

229 3230 259 3294 9.
288 3229 433 3292 Deorum
468 3227 608 3291 maxime
639 3225 835 3291 Mercurium
866 3226 988 3311 colunt,
1024 3229 1074 3292 cui
1106 3228 1202 3292 certis

141 3317 252 3384 diebus
275 3316 422 3381 humanis
446 3337 572 3401 quoque
594 3315 706 3380 hostiis
729 3315 822 3380 litare
844 3315 895 3380 fas
917 3315 1045 3382 habent.

228 3404 403 3470 Herculem
431 3428 470 3470 ac
492 3403 632 3468 Martem
661 3407 818 3469 concessis
840 3406 1031 3471 animalibus
1060 3405 1201 3491 placant.

230 3494 310 3560 Pars
335 3492 510 3561 Sueborum
533 3502 567 3558 et
589 3493 669 3558 Isidi
692 3492 859 3558 sacrificat.

228 3583 322 3649 Vnde
338 3605 433 3648 causa
449 3592 482 3647 et
496 3585 587 3666 origo
602 3584 773 3668 peregrino
789 3604 889 3666 sacro,
913 3605 1026 3670 perum
1048 3584 1199 3670 comperi,

139 3673 201 3737 nisi
231 3673 316 3759 quod
346 3675 473 3757 signum
502 3673 607 3757 ipsum
638 3673 671 3734 in
700 3669 830 3736 modum
859 3673 1004 3737 liburnae
1026 3670 1201 3756 figuratum

140 3761 233 3827 docet
255 3761 424 3827 aduectum
447 3759 646 3843 religionem.

229 3849 382 3916 Ceterum
402 3871 461 3915 nec
484 3849 632 3914 cohibere
651 3848 826 3935 parietibus
842 3849 918 3914 deos
934 3868 1039 3933 neque
1054 3849 1087 3911 in
1103 3847 1201 3912 ullam
