2770 4348
574 212 789 275 -11-

240 393 293 457 23
324 390 420 454 Ροιιιί
435 409 528 453 umor
544 411 584 452 ex
603 386 723 453 hordeo
739 397 795 453 aut
811 388 1013 492 frumento,'
1004 411 1049 453 ιιι
1054 388 1214 474 quandam

149 477 390 545 similitudinem
428 480 494 543 uini
526 486 710 563 corruptus:
745 479 884 564 proximi
916 479 1005 602 ripae
1039 489 1070 542 et
1103 480 1227 573 uinum⁸

151 576 344 634 mercantur.

241 656 313 722 Cibi
335 655 513 760 simplices,
548 657 690 739 agrestia
710 677 825 759 poma,
860 677 971 718 recens
994 625 1062 719 fere
1086 664 1141 720 aut
1164 657 1214 720 lac

150 755 350 811 concretum:
384 747 452 809 sine
484 753 657 850 apparatu,
693 746 761 808 sine
792 741 1019 808 blandimentis
1052 743 1216 849 expellunt

151 835 280 901 famem.
311 831 475 898 Aduersus
498 835 583 897 sitim
606 853 671 896 non
687 831 829 897 eademt
816 835 1038 918 temperantia
1070 853 1096 897 ει
1088 832 1213 898 indul·

152 924 232 988 seris
265 923 414 989 ebrietati
442 921 644 1007 suggerendo
677 931 832 1007 qnantum
862 924 1104 1008 concupiscunt,
1139 922 1216 986 haut

152 1014 258 1077 minus
282 1011 375 1076 facile
399 1011 486 1076 uitiis
509 1032 605 1096 quam
629 1011 727 1074 armis
750 1012 928 1075 uincantur.

242 1102 293 1165 24.
318 1097 431 1166 Genus
454 1099 708 1187 spectaculorum
730 1121 829 1163 unum
851 1109 949 1185 atque
969 1100 1003 1164 in
1018 1101 1105 1164 omni
1123 1108 1216 1163 coetu

151 1188 246 1256 idem.
286 1187 375 1253 Nudi
391 1191 533 1274 iuuenes,
558 1189 671 1275 quibus
687 1187 720 1252 id
735 1187 892 1253 ludicrum
910 1197 968 1270 est,
991 1189 1075 1253 inter
1091 1187 1216 1274 gladios

151 1302 186 1345 se
208 1287 305 1364 atque
327 1277 460 1342 infestas
483 1277 622 1343 frameas
638 1277 722 1342 saltu
741 1279 870 1344 iaciunt.
911 1278 1096 1342 exercitatio
1112 1286 1216 1341 artem

151 1369 295 1454 parauit,
319 1389 371 1431 ars
395 1366 562 1449 decorem,
586 1388 650 1431 non
672 1367 706 1431 in
729 1375 898 1453 quaestum
920 1376 1030 1431 tamen
1052 1374 1108 1430 aut
1132 1389 1214 1430 mer·

153 1457 280 1522 cedem:
316 1457 463 1542 quamuis
494 1454 623 1521 audacis
655 1455 806 1520 lasciuiae
832 1456 971 1542 pretium
995 1464 1044 1520 est
1066 1455 1215 1540 uoluptas

154 1546 378 1633 spectantium.

241 1631 365 1716 Aleum,
390 1632 475 1719 quod
490 1633 617 1714 mirere,
634 1631 795 1696 sobriit
748 1642 795 1698 snt
797 1655 831 1698 er
847 1635 931 1698 seria
946 1642 1108 1715 exercent
1125 1641 1216 1698 tanta

151 1721 296 1787 lucrandi
312 1722 508 1810 perdendiue
524 1722 715 1806 temeritate,
733 1731 778 1807 ut,
803 1743 876 1786 cum
892 1724 998 1786 omnia
1017 1721 1214 1804 defecerunt,

151 1822 297 1877 extremo
327 1834 366 1876 ac
394 1811 567 1876 nouissimo
598 1812 683 1875 iactu
716 1809 756 1875 de
778 1810 929 1876 libertate
956 1833 994 1874 ac
1017 1810 1057 1875 de
1080 1832 1216 1897 corpore

152 1899 358 1968 contendant.
389 1899 465 1965 Vict
452 1910 503 1964 tus
526 1899 739 1964 uoluntariam
759 1902 947 1964 seruitutem
962 1897 1043 1964 adit:
1016 1901 1216 2004 tquamuis

153 1991 317 2072 iuuenior,
352 1991 497 2075 quamuis
521 1986 701 2072 robustior,
737 1986 863 2073 alligari
889 2011 924 2053 se
953 2011 990 2053 ac
1021 1989 1132 2053 uenire
1161 2010 1217 2075 pa-

151 2080 241 2143 titur.
287 2078 338 2143 Ea
361 2079 465 2143 estin
488 2099 522 2142 re
545 2099 646 2164 praua
667 2079 865 2163 peruicacia:
891 2079 953 2164 ipsi
969 2075 1066 2142 fidem
1090 2085 1215 2142 uocant.

153 2165 273 2234 Seruus
306 2166 499 2232 condicionis
535 2165 629 2230 huius
666 2187 725 2252 per
763 2169 956 2231 commercia
993 2166 1142 2250 tradunt,
1181 2174 1217 2230 ut

152 2279 187 2322 se
217 2278 344 2343 quoque
370 2256 493 2343 pudore
519 2255 673 2320 uictoriae
700 2257 876 2321 exsoluant.
923 2259 974 2320 25.
1002 2254 1127 2321 Ceteris
1151 2277 1214 2320 ser·

153 2346 202 2409 uis
225 2368 288 2410 non
311 2347 345 2409 in
367 2355 512 2410 nostrum
532 2366 655 2409 morem
679 2341 830 2446 descript
821 2368 847 2410 rs
867 2366 925 2431 per
948 2344 1102 2409 familiam
1126 2345 1217 2407 mini·

153 2435 258 2498 storiis
301 2443 449 2499 utuntur:
492 2454 583 2497 suam
633 2435 766 2519 quisque
807 2432 933 2516 sedem,
980 2455 1053 2498 suos
1092 2434 1217 2519 penatis

152 2526 247 2608 regit.
294 2523 463 2588 Frumenti
487 2521 615 2588 modum
638 2520 784 2586 dominus
807 2531 864 2587 aut
887 2525 1011 2608 pecoris
1038 2535 1094 2587 aut
1113 2523 1217 2586 uestis

151 2621 189 2676 ut
219 2612 328 2677 colono
362 2612 517 2696 iniungit,
554 2619 587 2676 et
622 2633 732 2675 seruus
763 2612 916 2676 hactenus
952 2621 1054 2697 paret.
1102 2609 1219 2676 Oetera

153 2700 266 2766 domus
283 2699 389 2765 officia
404 2723 487 2765 uxor
501 2722 539 2764 ae
554 2699 648 2764 liberi
664 2710 872 2786 exequuntur.
901 2701 1073 2764 uerberare
1089 2721 1218 2764 seruum

153 2813 191 2854 ac
220 2791 357 2854 uinculis
389 2799 421 2854 et
449 2811 545 2875 opere
570 2789 740 2854 cohercere
771 2812 898 2854 rarum:
934 2790 1079 2854 occidere
1102 2791 1216 2872 solent,

140 2900 217 2944 ·non
239 2878 407 2965 disciplina
430 2888 462 2943 et
485 2880 668 2961 seueritate,
693 2876 748 2942 sed
772 2880 896 2965 impetu
920 2887 951 2942 et
973 2881 1031 2960 ira,
1056 2886 1091 2941 ut
1114 2879 1218 2943 inimi-

154 2990 238 3052 cum,
262 2969 324 3032 nisi
347 2966 433 3053 quod
455 2969 586 3053 impune
610 2976 667 3030 est.

243 3055 368 3121 Liberti
390 3078 455 3122 ιιοιι
476 3056 612 3121 ιιιιιΙιιιιιι
636 3076 732 3140 supra
755 3077 864 3120 seruos
887 3065 974 3120 sunt:
999 3076 1073 3119 raro
1089 3053 1218 3141 aliquod

154 3155 352 3211 momentum
374 3146 406 3208 in
430 3144 534 3228 domo,
559 3165 733 3230 numquam
749 3145 782 3207 in
799 3145 911 3209 ciuitet
878 3166 940 3227 ee,
966 3145 1108 3230 exceptis
1130 3143 1218 3207 dum-

154 3243 245 3299 taxat
268 3237 295 3298 is
319 3233 485 3320 gentibus,
508 3255 601 3319 quae
624 3241 761 3316 regnant
762 3254 810 3296 ur.
857 3232 907 3297 Ibi
940 3235 1025 3298 enim
1054 3242 1087 3298 et
1123 3255 1219 3320 super

154 3324 309 3406 ingenuos
325 3333 357 3388 et
373 3345 469 3409 super
484 3311 607 3388 nobiles
623 3319 814 3386 ascendunt:
784 3322 924 3407 tapud
941 3332 1064 3386 ceteros
1079 3323 1218 3400 impares

154 3411 294 3476 libertini
315 3412 473 3477 libertatis
497 3421 721 3494 argumentum
745 3420 828 3475 sunt.

244 3503 296 3569 26.
335 3502 462 3566 Faenus
485 3503 611 3584 agitare
634 3502 690 3564 et'
681 3521 715 3564 m
731 3521 843 3563 usuras
860 3499 1036 3564 extendere
1052 3501 1217 3583 ignotum3

155 3587 292 3675 ideoque
321 3589 425 3674 magis
459 3600 620 3673 seruatur,
657 3610 752 3674 quam
776 3590 803 3652 si
826 3590 962 3653 uetitum
995 3597 1089 3654 esset.
1136 3586 1219 3671 Agri
1276 3585 1279 3592 ’

155 3699 214 3764 ριο
237 3700 370 3745 numero
394 3678 551 3742 cultorum
575 3678 616 3742 ab
637 3679 796 3742 uniuersis
819 3679 891 3742 uice
908 3685 1114 3764 occupantur,
1139 3697 1218 3761 quos

155 3789 234 3830 mox
255 3769 339 3832 inter
362 3791 396 3833 se
425 3764 599 3832 secundum
633 3765 853 3851 dignationem
887 3768 1084 3852 partiuntur3
1117 3765 1217 3830 lacili-

156 3865 258 3920 tatem
292 3857 452 3942 partiendi
481 3877 667 3941 camporum
701 3857 805 3942 spatia
835 3854 1001 3942 praebent.
1048 3854 1139 3919 Arua
1160 3877 1219 3941 per
