2770 4348
637 156 833 219 -7-

206 352 332 418 quoque
356 333 503 396 ciuitates
526 331 560 396 id
583 353 714 415 nomen,
743 355 781 396 ea
805 331 909 417 gloria
933 342 999 416 est,
1022 334 1048 396 si
1071 355 1205 397 numero
1230 355 1268 397 ac

205 422 324 484 uirtute
347 423 517 486 comitatus
540 421 687 485 emineat.

292 509 497 596 Expetuntur
512 511 596 574 enim
619 508 832 594 legationibus
856 520 889 574 et
910 511 1096 575 muneribus
1114 521 1268 575 ornantur

206 609 238 664 et
261 601 331 685 ipsa
353 599 541 685 plerumque
565 599 651 663 fama
675 599 759 664 bella
781 597 962 685 profligant.
1012 601 1062 664 14.
1087 596 1169 663 Oum
1192 622 1267 664 uen-

204 697 274 752 tum
303 690 336 751 in
366 691 481 771 eciem,
514 697 609 773 turpe
631 689 770 775 principi
792 690 912 753 uirtute
935 689 1030 774 uinci,
1055 697 1148 774 turpe
1172 691 1268 753 comi*

205 778 287 842 tatui
308 777 459 841 uittutem
482 778 637 864 principis
660 799 724 841 non
748 776 937 862 adaequare.

293 865 363 930 Iam
394 888 470 930 uero
502 865 621 929 infame
651 867 683 929 in
716 887 844 931 omnem
873 869 974 931 uitam
1005 887 1044 930 11
1076 866 1267 952 probrosum

204 956 409 1041 superstitem
433 955 571 1040 principi
594 977 651 1019 suo
675 977 715 1018 ex
738 956 806 1020 acie
829 957 1015 1021 recessisse:
1045 955 1135 1018 illum
1159 953 1267 1020 defen·

205 1042 290 1129 dere,
314 1046 408 1127 tueri,
433 1065 489 1108 111
512 1065 638 1130 111111
656 1043 753 1109 fortia
773 1045 859 1108 facta
875 1045 997 1129 gloriae
1014 1045 1081 1108 eius
1097 1043 1267 1128 adsignare

206 1135 416 1219 praecipuum
440 1142 676 1197 sacramentum
700 1143 757 1198 est.

293 1221 458 1308 Principes
481 1244 538 1307 pro
555 1223 690 1286 uictoria
712 1231 868 1310 pugnant,
889 1223 1021 1286 comites
1037 1243 1096 1307 pro
1112 1221 1265 1308 principe.

293 1308 329 1376 Si
352 1312 476 1394 ciuitas,
501 1311 533 1374 in
557 1333 620 1396 qua
644 1313 706 1375 orti
730 1320 812 1394 sunt,
835 1311 935 1395 longa
957 1333 1036 1397 pace
1060 1319 1093 1374 et
1116 1312 1180 1374 otio
1203 1320 1268 1375 tor·

203 1409 293 1486 1111,
321 1399 467 1486 plerique
489 1399 643 1464 nobilium
674 1398 926 1465 adulescentium
958 1408 1070 1486 petunt
1099 1399 1182 1463 ultro
1213 1421 1267 1465 eas

204 1491 368 1572 nationes,
400 1511 481 1575 quae
511 1498 579 1553 tum
611 1488 730 1552 bellum
763 1488 891 1575 aliquod
914 1497 1042 1575 gerunt,
1067 1490 1141 1574 quia
1165 1497 1196 1552 11
1218 1490 1266 1553 in·

205 1587 300 1662 grata
331 1579 421 1662 genti
451 1579 541 1663 quies
574 1586 606 1642 et
635 1577 759 1642 facilius
790 1581 874 1643 inter
905 1579 1056 1664 ancipitia
1089 1577 1268 1642 clarescunt

204 1689 421 1753 magnumque
445 1668 633 1731 comitatum
655 1689 719 1730 nou
742 1670 803 1731 nisi
825 1669 858 1731 ui
881 1667 1028 1753 belloque
1051 1676 1170 1730 tueare.

293 1754 438 1841 Exigunt
471 1757 556 1819 enim
585 1757 739 1842 principis
769 1757 817 1820 sui
841 1757 1032 1821 liberalitate
1055 1756 1145 1820 illum
1168 1755 1265 1820 bella·

204 1853 309 1910 torem
347 1866 476 1930 equom,
512 1845 601 1909 illem
635 1854 798 1909 cruentam
833 1847 1063 1931 uictricemque
1101 1845 1265 1910 frameam.

203 1932 290 1998 Nam
311 1934 424 2021 epulae
448 1942 490 2018 et,
515 1955 710 2019 quamquam
734 1936 901 2021 incompti,
930 1935 1015 2018 largi
1037 1942 1148 1998 tamen
1171 1955 1267 2020 appa·

203 2031 292 2086 ratus
323 2046 382 2110 pro
419 2021 575 2108 stipendio
611 2023 741 2107 cedunt,
777 2025 912 2088 materia
944 2020 1180 2087 munificentiae
1209 2045 1267 2108 per

203 2111 287 2176 bella
311 2123 342 2177 et
363 2121 484 2198 raptus.
530 2110 602 2175 Nec
624 2134 718 2176 arare
741 2121 861 2177 terram
884 2121 940 2176 111
963 2121 1132 2198 expectare
1148 2133 1267 2176 annum

202 2210 270 2266 tam
304 2200 396 2266 facile
427 2202 640 2286 persuaseris,
670 2222 767 2286 quam
789 2222 906 2265 uocare
930 2201 1054 2265 hostem
1079 2210 1111 2265 et
1134 2201 1267 2264 uolnera

203 2293 328 2354 mereri.
376 2290 511 2374 Pigrum
534 2291 610 2375 quin
639 2291 738 2354 immo
766 2299 798 2355 et
821 2291 905 2354 iners
929 2288 1055 2355 uidetur
1078 2288 1192 2354 sudore
1216 2311 1267 2354 ac·

203 2381 346 2465 quirere,
371 2379 456 2463 quod
478 2379 580 2464 possis
603 2381 757 2464 sanguine
780 2401 904 2464 parare.

294 2469 344 2535 15.
369 2467 524 2544 Quotiens
547 2467 631 2532 bella
653 2488 717 2531 non
739 2468 864 2552 ineunt,
893 2490 957 2532 non
981 2468 1116 2532 multum
1143 2469 1267 2531 uenati-

204 2557 278 2638 bus,
309 2557 379 2642 plus
412 2579 470 2643 per
503 2557 603 2621 otium
635 2558 817 2639 transigunt
849 2555 946 2622 dediti
978 2578 1088 2621 somno
1112 2557 1265 2641 ciboque3

203 2645 395 2710 fortissimus
420 2647 553 2731 quisque
576 2667 614 2708 ac
636 2645 896 2710 bellicosissimus
924 2644 1003 2710 nihil
1033 2667 1150 2729 agens,
1182 2644 1267 2710 dele-

204 2745 282 2819 gata
311 2732 423 2798 domus
455 2743 487 2798 et
515 2735 680 2820 penatium
705 2743 736 2798 11
758 2756 910 2819 agrorum
935 2757 1011 2798 cura
1033 2733 1160 2798 feminis
1183 2735 1267 2798 seni-

206 2823 327 2909 busque
357 2833 388 2887 et
419 2823 634 2887 infirmissimo
664 2825 778 2910 cuique
809 2847 849 2888 ex
879 2824 1017 2906 familia,
1047 2823 1109 2909 ipsi
1137 2822 1265 2907 hebent,

203 2915 286 2977 mira
316 2910 502 2977 diuersitate
534 2922 684 2996 naturae,
717 2936 790 2977 cum
813 2912 898 2977 idem
921 2912 1065 2977 homines
1089 2913 1135 2975 sic
1158 2921 1267 2977 ament

203 3001 351 3066 inertiam
376 3010 407 3065 11
431 3003 557 3068 oderint
581 3001 730 3087 quietem.
1122 2997 1124 3001 ⁴

292 3088 364 3154 Mos
396 3101 445 3155 111
476 3090 658 3155 ciuitatibus
691 3090 772 3154 ultro
803 3113 841 3154 ac
868 3089 988 3154 uiritim
1012 3088 1158 3154 conferre
1180 3089 1266 3176 prin-

205 3180 328 3266 cipibus
362 3178 414 3243 uel
445 3188 662 3244 armentorum
695 3179 746 3242 uel
777 3178 920 3263 frugum,
954 3177 1038 3264 quod
1065 3199 1123 3264 pro
1147 3175 1267 3242 honore

206 3278 375 3354 acceptum
400 3270 497 3334 ctiam
520 3269 765 3333 necessitatibus
790 3268 948 3332 subuenit.

293 3355 445 3422 Gaudent
467 3359 639 3443 praecipue
663 3355 870 3421 finitimarum
893 3358 1038 3440 gentium
1059 3353 1158 3439 donis,
1184 3377 1267 3440 quae

203 3468 268 3510 non
297 3445 392 3511 modo
423 3467 442 3508 a
471 3446 621 3530 singulis,
655 3444 711 3509 sed
742 3454 775 3509 et
804 3446 932 3532 publice
962 3446 1146 3526 mittuntur,
1173 3443 1267 3508 electi

205 3539 288 3621 equi,
312 3557 432 3619 magna
454 3556 554 3616 arma,
571 3533 723 3621 phalerae
739 3544 945 3621 torquesque;
970 3537 1034 3599 iam
1051 3543 1083 3597 11
1098 3535 1268 3619 pecuniam

204 3627 351 3710 accipere
375 3623 549 3688 docuimus.

296 3715 345 3778 16.
369 3711 483 3778 Ν11111
508 3709 744 3778 Germanorum
767 3712 892 3799 populis
915 3710 1010 3775 urbes
1033 3709 1171 3774 habitari
1190 3711 1267 3774 satis

204 3809 316 3865 notum
340 3812 401 3889 est,
425 3825 466 3867 ne
487 3803 555 3888 pati
579 3800 708 3886 quidem
730 3803 814 3866 inter
838 3824 871 3866 se
895 3802 1019 3865 iunctas
1042 3800 1143 3865 sedes.
