2770 4348
593 219 814 284 ..17-

259 402 311 466 39.
335 398 576 464 Vetustissimos
607 421 664 463 seu
694 398 908 463 nobilissimos
939 395 1117 464 Sueborum
1148 397 1236 465 Sem·

170 511 270 554 nones
304 497 496 571 memorant3
536 486 615 551 fides
648 489 848 573 antiquitatis
886 487 1042 571 religione
1076 489 1235 566 firmatur.

171 588 254 642 stato
287 586 433 664 tempore
456 579 489 642 in
513 576 626 641 siluam
640 579 793 660 'auguriis
817 584 966 663 patruum
992 586 1024 642 θι
1047 580 1152 664 prisca
1175 579 1236 642 for-

171 666 290 731 midine
313 689 438 732 saoram
462 689 572 730 omnes
596 665 804 752 eiusdemque
828 667 992 750 sanguinis
1016 666 1125 754 populi
1148 669 1236 751 lega·

170 757 310 820 tionibus
326 765 442 821 coeunt
459 777 615 842 caesoque
635 756 763 842 publice
784 756 913 820 homine
929 755 1093 822 celebrant
1107 756 1238 821 barbari

171 848 252 909 ritus
282 843 455 914 horrenda,
471 845 656 931 primordia.
703 844 764 909 Est
788 855 820 910 θι
847 846 911 910 alia
939 847 1011 910 luco
1039 848 1236 911 reuerentia:

170 957 265 999 nemo
287 937 349 998 nisi
371 935 497 1016 uinculo
521 935 640 1018 ligatus
664 933 852 1018 ingreditur,
877 945 912 999 ut
928 937 1032 999 minor
1048 947 1081 998 et
1096 945 1236 1022 potesta·

35 1025 65 1113 ,’
103 1092 106 1097 ,
171 1034 237 1089 ιθιιι
266 1025 405 1088 numinis
433 1024 707 1111 praeseferens.
755 1025 781 1087 si
804 1024 887 1088 forte
911 1027 1079 1111 prolapsus
1104 1035 1166 1107 est,
1191 1035 1236 1088 at-

171 1113 239 1178 tolli
269 1124 302 1178 et
329 1116 496 1217 insurgere
519 1112 605 1177 haud
627 1114 768 1177 licitum·
802 1136 859 1199 per
882 1113 1013 1177 humum
1038 1114 1235 1178 euoluontur

172 1225 273 1289 coque
308 1204 410 1280 omnis
442 1204 629 1289 superstitio
664 1204 808 1288 respicit
843 1215 1008 1288 tamquam
1039 1203 1115 1268 inde
1144 1204 1238 1267 initia

171 1294 295 1396 gentis,
315 1292 359 1355 ibi
383 1302 538 1376 regnatur
561 1293 702 1356 omnium
725 1290 819 1373 deus,
844 1301 895 1355 cet
896 1314 951 1356 era
974 1292 1174 1358 subiectat
1141 1301 1238 1379 atque

171 1382 326 1468 parentia.
365 1380 464 1446 adicit
451 1391 554 1446 ttauc
556 1383 704 1446 critatem
728 1342 855 1445 fortuira
871 1377 1084 1446 Semnonum:
1109 1392 1237 1447 centum

172 1473 264 1557 pagis
295 1470 439 1536 habitare
462 1471 623 1552 dicantur,
655 1492 837 1556 magnoque
867 1493 1001 1558 corpore
1024 1470 1177 1555 efficitur,
1201 1481 1237 1535 ut

76 1609 77 1616 ι
172 1583 206 1624 se
230 1558 406 1626 Sueborum
430 1570 527 1647 caput
550 1559 691 1624 credant.

260 1651 312 1713 40.
338 1648 460 1714 Contra
479 1648 711 1734 Langobardos
735 1651 880 1735 paucitas
903 1648 1065 1714 nobilitat:
1089 1650 1237 1736 plurimis

171 1739 457 1804 ac‘ualentissimis
481 1739 663 1803 nationibus
679 1739 775 1802 cincti
797 1760 861 1802 non
885 1761 942 1824 per
957 1738 1155 1825 obsequium,
1180 1738 1237 1803 sed

171 1827 301 1913 proeliis
324 1851 362 1893 ac
385 1827 595 1914 periclitando
619 1831 679 1892 tuti
703 1838 785 1892 sunt.

260 1917 422 2002 Reudigni
454 1916 569 1982 deinde
599 1928 632 1982 et
654 1915 797 1982 Auiones
821 1928 854 1982 et
875 1916 988 2001 Anglii
1012 1926 1045 1982 et
1067 1916 1181 1982 Vaiini
1206 1928 1237 1982 et

172 2004 316 2071 Eudoses
341 2017 373 2072 et
396 2004 579 2072 Suardoues
603 2016 636 2071 et
658 2006 838 2071 Huithones
861 2005 1046 2071 fluminibus
1069 2016 1125 2070 aut
1148 2007 1236 2070 siluis

171 2097 365 2160 muniuntur.
404 2118 464 2161 nec
487 2099 658 2182 quicquam
681 2094 822 2161 notabile
845 2098 878 2159 in
902 2096 1045 2181 singulis,
1069 2097 1131 2160 nisi
1151 2094 1236 2182 quod

172 2184 340 2250 Mammun
356 2185 501 2270 Erthom,
525 2186 556 2250 id
577 2195 625 2249 est
649 2184 785 2250 Terram
804 2183 955 2267 Matrem,
979 2185 1087 2250 colunt
1102 2207 1237 2271 eamque

172 2277 368 2339 interuenire
397 2274 493 2340 rebus
524 2275 703 2358 hominum,
734 2275 842 2340 inuehi
873 2274 999 2360 populis
1029 2274 1236 2342 arbitrantur.

261 2363 351 2428 Est
342 2387 375 2430 m
397 2365 500 2429 insula
524 2362 646 2430 Oceani
671 2373 794 2429 castum
819 2386 949 2446 nemus,
978 2361 1213 2450 dicatumque
1204 2386 1238 2427 ιιι

173 2475 210 2518 θο
238 2453 420 2518 uehiculum
449 2462 539 2519 ueste
569 2463 765 2538 contectum,
799 2455 959 2557 attingere
994 2455 1048 2517 uni
1080 2437 1236 2517 sacerdoti

173 2565 367 2608 concessum.
407 2546 434 2607 is
450 2543 562 2610 adesse
579 2543 735 2630 penetrali
751 2541 915 2607 deamt
867 2565 899 2606 ιιι
902 2537 1022 2627 tellegit
1045 2565 1105 2606 uec
1106 2553 1238 2628 tamque

173 2633 276 2698 bubus
300 2633 428 2698 feminis
451 2634 552 2698 multa
574 2656 647 2698 cum
672 2635 877 2704 ueneratione
899 2634 1114 2718 prosequitur.
1161 2633 1237 2697 laeti

172 2733 249 2786 tunc
279 2722 360 2807 dies,
391 2723 475 2787 festa
504 2722 590 2808 loca,
622 2745 843 2809 quaecumque
870 2722 1012 2786 aduentu
1034 2721 1236 2808 hospitioque

173 2812 332 2896 dignatur.
380 2835 442 2876 nou
466 2812 551 2877 bella
573 2815 699 2897 ineunt,
724 2835 787 2877 non
801 2816 901 2877 ‘arma
924 2821 1069 2894 sumunt3
1094 2811 1236 2875 clausum

173 2923 265 2966 omne
289 2903 425 2986 ferrum,
448 2924 513 2988 pax
536 2911 568 2965 et
592 2905 682 2988 quies
706 2913 783 2967 tunc
805 2909 931 2965 tautum
955 2909 1044 2985 nota,
1069 2909 1146 2964 tunc
1168 2909 1236 2964 tan-

173 3000 241 3056 tum
265 3000 388 3075 amata,
417 2992 517 3056 donoc
540 2988 626 3056 idem
650 2990 797 3056 sacerdos
822 2992 969 3055 satiatem
993 2991 1236 3054 conuersatione

174 3081 357 3146 mortalium
380 3078 504 3146 deamt
491 3080 612 3166 templo
628 3080 751 3146 reddat
791 3101 867 3144 mox
882 3078 1064 3143 uehiculum
1082 3087 1114 3142 et
1129 3087 1200 3143 uest
1203 3101 1237 3142 es

173 3179 215 3256 et,
239 3173 266 3236 si
270 3169 420 3236 'credere
443 3170 537 3254 uelis,
568 3192 686 3235 numen
714 3172 821 3256 ipsum
845 3177 969 3233 secreto
992 3170 1064 3232 lacu
1088 3166 1235 3232 abluitur

174 3258 267 3326 Serui
282 3260 474 3344 ministrant,
492 3279 571 3345 quos
588 3261 696 3323 statim
718 3259 804 3323 idem
827 3259 915 3324 lacus
938 3257 1054 3322 haurit.
1101 3278 1236 3320 arcanus

172 3349 246 3413 hinc
268 3359 372 3415 terror
389 3359 568 3452 'sanctaque
591 3349 783 3433 ignorantia,
808 3345 883 3434 quid
906 3348 948 3411 sit
963 3344 1051 3431 illud,
1068 3345 1153 3432 quod
1168 3355 1236 3409 tan·

172 3447 240 3501 tum
264 3439 398 3524 perituri
420 3436 539 3505 uident.

261 3528 314 3594 41.
350 3527 394 3591 Et
423 3525 503 3591 haec
532 3527 662 3613 quidem
690 3549 765 3612 pars
788 3522 1009 3590 Sueborum
1001 3548 1034 3588 ιιι
1063 3524 1237 3588 secretiora

174 3613 368 3682 Germaniae
398 3617 592 3702 porrigitur:
626 3617 770 3702 propior,
803 3624 839 3679 ut
862 3613 1020 3700 quomodo
1043 3613 1139 3699 paulo
1162 3623 1235 3676 ante

173 3702 334 3787 Rhenum,
368 3707 413 3770 sic
445 3727 529 3768 nunc
552 3705 738 3770 Danuuium
768 3725 901 3789 sequar,
934 3703 1235 3767 Hermundurorum

173 3795 302 3877 ciuitas,
337 3794 401 3860 fida
424 3795 590 3878 Romanis,
627 3817 730 3880 eoque
753 3794 828 3858 solis
852 3791 1089 3857 Germanorum
1116 3793 1235 3855 nonin

172 3885 243 3970 ripa
276 3886 517 3969 commercium,
554 3844 609 3947 se’d
641 3885 768 3970 penitus
800 3893 897 3967 atque
924 3884 957 3946 ιιι
981 3878 1235 3968 splendidissima

257 3990 331 4030 Taciti
346 3991 378 4030 Ge
367 4001 430 4032 erma
416 3993 475 4032 ιιιιιιί.
