2770 4348
254 1293 281 1355 l.
307 1287 482 1356 Germania
504 1291 606 1354 omnis
629 1312 649 1354 a
672 1287 774 1356 Gallis
796 1288 969 1376 Raetisque
996 1300 1027 1354 et
1051 1290 1224 1356 Pannoniis

162 1379 275 1444 Rheno
291 1402 330 1444 ac
345 1379 495 1443 Danuuio
511 1377 704 1462 fluminibus,
726 1401 746 1444 a
761 1377 918 1445 Sarmatis
933 1380 1097 1465 Dacisque
1113 1393 1223 1445 mutuo

161 1478 250 1534 metu
281 1477 336 1532 aut
366 1466 526 1532 montibus
555 1477 733 1554 separatur.
787 1467 904 1534 Cetera
934 1466 1082 1534 Oceanus
1112 1469 1223 1554 ambit,

161 1558 243 1623 latos
259 1559 345 1638 sinus
361 1566 392 1620 et
407 1555 582 1620 insularum
597 1559 744 1623 inmensa
759 1559 861 1644 spatia
877 1558 1101 1645 complectens,
1122 1581 1225 1645 nuper

162 1648 300 1732 cognitis
338 1646 528 1732 quibusdam
560 1645 711 1731 gentibus
741 1668 779 1712 ac
810 1647 954 1732 regibus,
991 1669 1069 1733 quos
1103 1647 1224 1712 bellum

162 1759 182 1800 a
205 1737 298 1800 eruit.

182 1759 203 1822 p
250 1823 395 1907 Rhenus,
418 1824 624 1889 Raeticarum
646 1821 779 1909 Alpium
805 1825 967 1888 inaccesso
990 1847 1027 1889 ac
1057 1827 1225 1912 praecipiti

162 1915 285 1978 uertice
308 1922 406 1991 crtus,
429 1912 554 1978 modico
577 1912 664 1976 flexu
686 1917 719 1976 in
742 1913 939 1978 occidentem
961 1936 1074 1978 uersus
1098 1925 1223 2002 septen·

162 2001 291 2068 trionali
315 1999 445 2067 Oceano
468 2003 628 2068 miscetur.

251 2091 428 2174 Danuuius,
456 2091 545 2156 molli
569 2101 601 2155 et
624 2092 798 2156 clementer
821 2091 905 2156 edito
928 2092 1045 2155 montis
1068 2090 1227 2158 Abnobae

162 2181 238 2264 iugo
255 2179 385 2263 effusus,
404 2180 504 2267 pluris
527 2180 661 2267 populos
685 2181 761 2265 adit,
786 2181 887 2246 donec
902 2182 934 2244 iu
951 2181 1120 2246 Ponticum
1135 2204 1226 2246 mare

166 2291 223 2334 sex
251 2269 409 2334 meatibus
437 2278 599 2355 erumpat:
624 2271 795 2356 septimum
819 2291 853 2334 os
876 2268 1046 2356 paludibus
1068 2270 1225 2336 hauritur.

253 2361 282 2422 2.
307 2357 398 2445 Ipsos
422 2356 601 2424 Germanos
624 2357 791 2443 indigenas
815 2357 1005 2424 crediderim
1031 2361 1226 2447 minimeque

163 2446 297 2511 aliarum
321 2449 467 2532 gentium
490 2447 680 2513 aduentibus
704 2457 736 2513 et
758 2448 904 2534 hospitiis
927 2449 1056 2531 mixtos,
1078 2451 1152 2535 quia
1166 2472 1227 2514 nec

164 2545 252 2601 terra
282 2536 357 2600 olim
385 2535 440 2602 sed
468 2536 622 2602 classibus
645 2535 883 2602 aduehebantur
907 2539 961 2622 qui
983 2547 1109 2602 mutare
1132 2536 1225 2602 sedes

186 2625 371 2709 uaerobant,
396 2635 428 2690 et
450 2626 611 2690 inmensus
634 2627 718 2690 ultra
741 2636 839 2712 utque
860 2628 906 2690 sic
922 2624 1057 2691 dixerim
1073 2625 1224 2692 aduersus

164 2647 313 2780 Rceanus
336 2715 416 2778 raris
435 2714 476 2779 ab
493 2715 570 2779 orbe
590 2726 699 2780 nostro
715 2716 850 2781 nauibus
866 2713 980 2779 aditur.
1021 2711 1101 2792 Quis
1116 2738 1222 2802 porro,

164 2812 292 2889 praeter
314 2803 491 2890 periculum
514 2804 635 2868 horridi
659 2814 691 2869 et
707 2806 809 2889 ignoti
823 2806 930 2889 maris,
947 2801 1026 2868 Asia
1042 2814 1098 2869 aut
1112 2802 1227 2869 Africa

164 2900 220 2955 eut
243 2891 338 2957 Italia
367 2893 479 2956 relicta
507 2891 717 2958 Germaniam
745 2902 885 2980 peteret,
917 2891 1088 2958 informem
1119 2895 1224 2976 terris,

165 3003 313 3066 asperam
323 2982 422 3064 caelo,
435 2984 560 3046 tristem
572 2983 659 3046 cultu
675 2991 880 3069 aspectuque,
893 2983 955 3045 nisi
967 2982 1027 3046 sibi
1043 2983 1147 3068 patria
1158 2983 1224 3046 sit‘?

253 3067 426 3138 Celebrant
441 3072 634 3135 carminibus
654 3073 801 3157 antiquis,
828 3069 912 3158 quod
934 3092 1032 3134 unum
1053 3071 1139 3157 apud
1154 3071 1225 3136 illos

164 3160 337 3224 memoriae
361 3167 393 3223 ct
416 3161 578 3225 annalium
601 3182 703 3245 genus
726 3170 787 3244 est,
817 3159 997 3225 Teutonem
1021 3158 1116 3224 deum
1139 3170 1226 3224 terra

165 3245 295 3312 editum.
342 3247 383 3310 Ei
405 3247 505 3315 filium
527 3247 691 3333 Mannum,
715 3251 871 3334 originem
891 3249 996 3333 gentis
1015 3249 1224 3314 conditorem·

166 3357 240 3423 que,
271 3335 390 3401 Manno
421 3338 479 3403 tris
506 3339 589 3403 filios
619 3341 799 3424 assignant,
830 3359 848 3402 e
879 3360 1012 3424 quorum
1045 3337 1226 3403 nominibus

165 3427 304 3511 proximi
334 3423 466 3492 Oceano
497 3427 712 3513 Ingaeuones,
743 3427 842 3492 medii
868 3426 1096 3513 Herminones,
1127 3428 1227 3492 ceteri

165 3513 353 3580 Istaeuones
376 3524 540 3581 uocantur.
587 3513 739 3600 Quidam,
770 3524 805 3579 ut
834 3517 866 3578 in
894 3515 1023 3581 licentia
1045 3517 1225 3598 uetustatis,

166 3603 267 3689 pluris
290 3602 329 3668 de
353 3627 390 3669 eo
406 3613 492 3668 ortos
514 3605 686 3692 pluresque
709 3606 815 3690 gentis
838 3604 1078 3692 appellationes,
1101 3605 1226 3671 Marsos

167 3689 373 3758 Gambriuios
396 3690 516 3759 Suebos
538 3693 719 3778 Vandilios,
748 3693 935 3778 adfirmant,
964 3716 1066 3780 eaque
1092 3717 1172 3759 uera
1195 3703 1227 3759 et

166 3783 299 3867 antiqua
325 3785 462 3847 nomina.
511 3780 662 3848 Ceterum
685 3781 880 3849 Germaniae
903 3783 1093 3847 uocabulum
1116 3805 1227 3848 recens

167 3880 199 3934 et
222 3891 323 3956 nuper
347 3870 499 3956 additum,
524 3874 674 3957 quoniam
692 3875 746 3958 qui
760 3873 856 3959 primi
871 3872 1018 3936 Rhenum
1034 3874 1227 4016 tqensgressi

246 3977 321 4018 ‘scotti
335 3977 465 4018 Germania.
