2770 4348
601 189 818 252 ,12-

176 386 275 429 annos
299 374 434 447 mutant,
459 375 490 430 et
513 375 658 452 superest
681 388 769 450 ager.
816 389 875 432 nec
899 369 1072 433 enimcum
1088 369 1239 434 ubertate

176 464 209 518 et
232 453 441 540 amplitudine
465 455 523 519 soli
546 455 655 519 labore
678 454 881 542 contendunt,
905 465 939 520 ut
961 459 1107 542 pomaria
1129 479 1239 523 conse·

175 552 249 606 rant
272 554 304 607 et
327 554 420 629 prata
436 555 585 630 separent
600 553 656 608 aut
670 544 779 609 hortos
795 547 915 630 rigent:
940 546 1007 610 sola
1021 555 1127 611 terrae
1143 568 1238 630 seges

175 633 363 717 imperatur.
410 633 494 697 unde
521 655 639 698 annum
668 655 793 719 quoque
825 637 930 720 ipsum
959 657 1022 699 non
1045 637 1079 700 in
1102 636 1238 700 totidem

176 718 327 804 digerunt
350 723 486 808 species:
519 721 622 786 hiems
652 731 684 786 et
714 745 772 786 uer
795 732 827 787 et
850 732 956 790 aestas
978 724 1174 789 intellectum
1199 746 1238 789 ac

175 809 332 875 uocabula
355 810 485 895 habent,
509 811 654 875 autumni
677 811 812 898 perinde
836 834 952 877 nomen
979 836 1017 878 ae
1038 813 1123 878 bona
1145 815 1237 898 igno·

175 908 295 963 rantur.

264 990 315 1054 27.
340 988 504 1052 Funerum
526 987 613 1052 nulla
635 989 783 1053 ambitio:
808 989 840 1054 id
861 989 962 1054 solum
979 990 1177 1074 obseruatur,
1202 999 1238 1054 ut

176 1097 311 1162 corpora
326 1077 483 1142 clarorum
500 1078 642 1141 uirorum
659 1079 754 1141 certis
769 1079 865 1162 lignis
882 1088 1073 1146 crementur.
1105 1077 1238 1144 Struem

175 1166 247 1249 rogi
275 1188 336 1230 nec
368 1166 511 1230 uestibus
542 1187 602 1229 nec
636 1166 786 1231 odoribus
820 1168 999 1233 cumulant:
1033 1190 1091 1233 sua
1124 1169 1238 1254 cuique

175 1274 275 1336 arma,
308 1255 507 1340 quorundam
539 1255 607 1339 igni
637 1266 669 1319 et
701 1277 801 1341 equus
831 1255 975 1321 adicitur.
1024 1255 1237 1344 Sepulchrum

176 1364 307 1429 caespes
324 1345 436 1428 erigit:
460 1351 739 1408 monumentorum
754 1344 890 1409 arduum
907 1356 938 1410 et
953 1367 1122 1432 operosum
1137 1346 1236 1410 hono·

175 1454 244 1496 rem
270 1441 306 1496 ut
330 1454 465 1518 grauem
488 1430 646 1496 defunctis
678 1443 899 1519 aspernantur.
947 1433 1107 1500 Lamenta
1129 1458 1167 1499 ec
1189 1436 1235 1499 la·

175 1521 290 1585 crimas
315 1525 387 1603 cito,
412 1521 550 1585 dolorem
576 1530 608 1585 et
631 1524 794 1586 tristitiam
809 1522 900 1588 tarde
916 1532 1047 1609 ponunt.
1094 1524 1237 1588 Feminis

175 1609 287 1693 lugere
310 1610 480 1674 honestum
505 1618 562 1694 est,
587 1612 664 1675 uiris
687 1613 881 1680 meminisse.

262 1785 410 1852 Haecin
434 1809 601 1852 commune
625 1786 664 1852 de
688 1790 829 1853 omnium
853 1787 1090 1854 Germanorum
1114 1790 1237 1872 origine

175 1898 213 1940 ac
235 1876 377 1941 moribus
399 1877 592 1962 accepimus.
639 1875 733 1940 Nunc
757 1878 956 1963 singularum
979 1881 1123 1963 gentium
1146 1879 1235 1943 insti-

172 1973 243 2029 tuta
265 1966 426 2051 ritusque,
461 1974 617 2051 qnatenus
640 1964 804 2050 differant,
837 1989 919 2053 quae
944 1969 1090 2032 nationes
1114 1990 1131 2032 e
1154 1964 1236 2033 Ger·

175 2055 283 2118 mania
305 2056 338 2118 in
362 2052 484 2120 Gallias
509 2057 802 2140 commigrauerint‚
828 2054 1007 2142 expediam.

263 2233 313 2296 28.
353 2231 535 2296 Validiores
569 2232 645 2295 olim
675 2230 842 2298 Gallorum
874 2255 926 2297 res
961 2233 1061 2298 fuisse
1093 2254 1236 2298 summus

173 2328 340 2385 auctorum
363 2319 456 2384 diuus
479 2319 579 2386 Iulius
611 2319 724 2403 tradit,
756 2343 858 2407 eoque
886 2320 1038 2386 credibile
1063 2332 1111 2388 est
1135 2324 1234 2387 etiem

173 2407 285 2476 Gallos
300 2411 333 2473 in
350 2406 560 2474 Germaniam
577 2420 809 2493 transgressos:
828 2410 1015 2496 quantulum
1032 2413 1116 2476 enim
1132 2413 1234 2476 amnis

175 2497 339 2581 obstabat,
364 2520 426 2584 quo
450 2499 569 2583 minus,
601 2510 637 2562 ut
668 2521 813 2585 quaeque
837 2520 916 2582 gens
940 2499 1119 2584 eualuerat,
1144 2522 1235 2564 occu·

172 2599 264 2674 paret
286 2596 548 2674 permutaretque
571 2587 663 2652 sedes
678 2590 876 2673 promiscuas
892 2588 995 2653 adhuc
1011 2597 1043 2653 et
1059 2589 1146 2654 nulla
1161 2610 1233 2673 reg-

173 2698 287 2741 norum
312 2678 455 2762 potentia
479 2675 620 2740 diuisas?

260 2764 366 2849 Igitur
389 2767 473 2829 inter
495 2764 694 2852 Hercyniam
717 2765 829 2829 siluam
853 2765 1065 2851 Rhenumque
1092 2775 1123 2830 et
1144 2762 1230 2830 Moe-

171 2874 248 2917 num
271 2876 382 2918 amnes
397 2852 549 2936 Heluetii,
574 2853 726 2918 ulteriora
742 2853 823 2936 Boii,
848 2852 974 2920 Gallica
989 2864 1125 2941 utraque
1141 2875 1232 2940 gene,

172 2952 314 3007 tenuere.
338 2941 448 3007 Manet
460 2942 564 3007 adhue
574 2942 741 3007 Boihaemi
756 2966 872 3008 nomen
888 2945 1056 3030 signatque
1070 2945 1131 3008 loci
1147 2953 1233 3008 uete-

171 3053 241 3096 rem
264 3034 451 3097 memoriam
475 3034 622 3117 quamuis
645 3033 776 3096 mutatis
804 3031 989 3097 cultoribus.
1036 3031 1101 3098 Sed
1124 3041 1233 3096 utrum

171 3119 320 3185 Arauisci
343 3123 375 3184 in
397 3120 594 3185 Pannoniam
617 3143 637 3185 a
660 3120 746 3203 Bois,
771 3118 1006 3186 Germanorum
1029 3123 1168 3206 natione,
1192 3144 1233 3186 an

173 3208 233 3274 Boi
259 3209 301 3274 ab
324 3208 488 3274 Arauiscis
523 3211 554 3274 in
583 3207 793 3276 Germaniam
828 3211 1123 3294 commigrauerint,
1160 3232 1233 3275 cum

173 3298 285 3364 eodem
301 3297 405 3362 adhuc
421 3320 567 3363 sermone
582 3299 736 3363 institutis
752 3299 894 3362 moribus
910 3308 1049 3383 utantur,
1073 3302 1233 3364 incertum

173 3398 237 3468 est,
272 3388 346 3473 quia
370 3389 440 3472 pari
464 3387 537 3451 olim
570 3389 677 3473 inopia
700 3409 738 3452 ac
760 3387 909 3452 libertate
932 3387 1044 3453 eadem
1067 3390 1232 3475 utriusque

172 3478 262 3562 ripae
287 3477 370 3540 bona
392 3475 539 3562 malaque
564 3486 665 3541 erant.

262 3563 397 3629 Treueri
429 3576 460 3629 et
489 3563 603 3630 Neruii
637 3566 722 3629 circa
745 3563 993 3630 adfectationem
1018 3563 1231 3631 Germanicae

172 3655 303 3738 originis
326 3653 409 3718 ultro
433 3654 591 3719 ambitiosi
615 3663 697 3738 sunt,
721 3662 886 3739 tamquam
909 3677 967 3740 per
991 3653 1072 3719 hanc
1096 3655 1231 3738 gloriam

172 3745 336 3827 sanguinis
360 3766 379 3806 a
402 3741 609 3808 similitudine
639 3753 672 3807 et
701 3743 818 3808 inertia
841 3740 1008 3808 Gallorum
1032 3753 1229 3829 separentur.

259 3830 366 3918 Ipsam
391 3831 495 3896 Rheni
518 3833 620 3917 ripam
644 3830 721 3896 haut
744 3832 841 3898 dubie
864 3828 1100 3897 Germanorum
1122 3830 1231 3919 populi
